ID,Type,CryptoName,Quantity,UnitPrice,TotalAmount,Timestamp
7474,TX1,buy,SRD-BTC,50,30000,1.5e+06,2025-01-04 21:59:22
7474,TX2,buy,SRD-BTC,50,30000,1.5e+06,2025-01-04 22:00:22
7474,TX1,buy,SRD-BTC,50,30000,1.5e+06,2025-01-04 23:44:03
7474,TX1,buy,SRD-BTC,50,30000,1.5e+06,2025-01-05 02:38:06
7474,TX1,buy,SRD-BTC,50,30000,1.5e+06,2025-01-05 03:33:53
7474,TX1,buy,SRD-BTC,50,30000,1.5e+06,2025-01-05 14:19:51
7474,TX1,buy,SRD-BTC,50,30000,1.5e+06,2025-01-05 14:25:07
7474,TX1,buy,SRD-BTC,50,30000,1.5e+06,2025-01-05 19:44:01
7474,TX1,buy,SRD-BTC,50,30000,1.5e+06,2025-01-05 19:47:29
7474,TX1,buy,SRD-BTC,50,30000,1.5e+06,2025-01-05 19:53:38
7474,TX1,buy,SRD-BTC,50,30000,1.5e+06,2025-01-05 19:57:19
7474,TX1,buy,SRD-BTC,50,30000,1.5e+06,2025-01-05 20:09:48
7474,TX1,buy,SRD-BTC,50,30000,1.5e+06,2025-01-05 20:19:33
7474,TX1,buy,SRD-BTC,50,30000,1.5e+06,2025-01-05 20:59:25
7474,TX1,buy,SRD-BTC,50,30000,1.5e+06,2025-01-05 21:21:36
7474,TX1,buy,SRD-BTC,50,30000,1.5e+06,2025-01-05 21:28:34
7474,TX1,buy,SRD-BTC,50,30000,1.5e+06,2025-01-05 21:44:41
7474,TX1,buy,SRD-BTC,50,30000,1.5e+06,2025-01-05 21:54:46
7474,TX1,buy,SRD-BTC,50,30000,1.5e+06,2025-01-05 22:11:40
7474,TX1,buy,SRD-BTC,50,30000,1.5e+06,2025-01-05 22:12:41
7474,TX1,buy,SRD-BTC,50,30000,1.5e+06,2025-01-05 22:14:19
7474,TX1,buy,SRD-BTC,50,30000,1.5e+06,2025-01-05 23:03:44
7474,TX1,buy,SRD-BTC,50,30000,1.5e+06,2025-01-05 23:05:45
7474,TX1,buy,SRD-BTC,50,30000,1.5e+06,2025-01-05 23:16:38
7474,TX1,buy,SRD-BTC,50,30000,1.5e+06,2025-01-05 23:22:04
7474,TX1,buy,SRD-BTC,50,30000,1.5e+06,2025-01-05 23:28:18
7474,TX1,buy,SRD-BTC,50,30000,1.5e+06,2025-01-05 23:42:20
7474,TX1,buy,SRD-BTC,50,30000,1.5e+06,2025-01-05 23:51:29
7474,TX1,buy,SRD-BTC,50,30000,1.5e+06,2025-01-05 23:55:34
7474,TX1,buy,SRD-BTC,50,30000,1.5e+06,2025-01-06 00:05:17
7474,TX1,buy,SRD-BTC,50,30000,1.5e+06,2025-01-06 00:12:07
7474,TX1,buy,SRD-BTC,50,30000,1.5e+06,2025-01-06 01:15:48
7474,TX1,buy,SRD-BTC,50,30000,1.5e+06,2025-01-06 01:27:37
7474,TX1,buy,SRD-BTC,50,30000,1.5e+06,2025-01-06 01:54:48
7474,TX1,buy,SRD-BTC,50,30000,1.5e+06,2025-01-06 02:02:17
7474,TX1,buy,SRD-BTC,50,30000,1.5e+06,2025-01-06 02:12:20
7474,TX1,buy,SRD-BTC,50,30000,1.5e+06,2025-01-06 02:13:42
7474,TX1,buy,SRD-BTC,50,30000,1.5e+06,2025-01-06 02:15:31
7474,TX1,buy,SRD-BTC,50,30000,1.5e+06,2025-01-06 02:26:02
7474,TX1,buy,SRD-BTC,50,30000,1.5e+06,2025-01-06 02:32:01
7474,TX1,buy,SRD-BTC,50,30000,1.5e+06,2025-01-06 02:50:46
7474,TX1,buy,SRD-BTC,50,30000,1.5e+06,2025-01-07 10:52:40
7474,TX1,buy,SRD-BTC,50,30000,1.5e+06,2025-01-07 10:54:18
7474,TX1,buy,SRD-BTC,50,30000,1.5e+06,2025-01-07 12:28:04
7474,TX1,buy,SRD-BTC,50,30000,1.5e+06,2025-01-07 12:30:50
7474,TX1,buy,SRD-BTC,50,30000,1.5e+06,2025-01-07 20:06:33
7474,TX1,buy,SRD-BTC,50,30000,1.5e+06,2025-01-07 20:09:05
7474,TX1,buy,SRD-BTC,50,30000,1.5e+06,2025-01-07 20:12:43
7474,TX1,buy,SRD-BTC,50,30000,1.5e+06,2025-02-04 17:55:54
7474,TX1,buy,SRD-BTC,50,30000,1.5e+06,2025-02-08 17:08:55
7474,TX1,buy,SRD-BTC,50,30000,1.5e+06,2025-02-10 14:28:58
7474,TX1,buy,SRD-BTC,50,30000,1.5e+06,2025-02-10 14:34:18
7341,TX1,buy,SRD-BTC,50,30000,1.5e+06,2025-03-18 19:49:55
7342,TX2,buy,SRD-BTC,50,30000,1.5e+06,2025-03-18 20:03:08
7342,TX3,buy,SRD-BTC,5,30000,150000,2025-03-18 20:03:08
7342,TX4,sell,SRD-BTC,20,30000,600000,2025-03-18 20:03:08
7343,TX1,buy,SRD-BTC,50,30000,1.5e+06,2025-03-19 17:56:35
7343,TX2,buy,SRD-BTC,5,30000,150000,2025-03-19 17:56:35
7343,TX3,sell,SRD-BTC,20,30000,600000,2025-03-19 17:56:35
7344,TX4,buy,SRD-BTC,50,30000,1.5e+06,2025-03-19 18:01:00
7344,TX5,buy,SRD-BTC,5,30000,150000,2025-03-19 18:01:00
7344,TX6,sell,SRD-BTC,20,30000,600000,2025-03-19 18:01:00
7345,TX7,buy,SRD-BTC,50,30000,1.5e+06,2025-03-19 18:39:47
7345,TX8,buy,SRD-BTC,5,30000,150000,2025-03-19 18:39:47
7345,TX9,sell,SRD-BTC,20,30000,600000,2025-03-19 18:39:47
7346,TX10,buy,SRD-BTC,50,30000,1.5e+06,2025-03-19 18:52:07
7346,TX11,buy,SRD-BTC,5,30000,150000,2025-03-19 18:52:07
7346,TX12,sell,SRD-BTC,20,30000,600000,2025-03-19 18:52:07
7347,TX1,buy,SRD-BTC,50,30000,1.5e+06,2025-03-20 14:33:10
7347,TX2,buy,SRD-BTC,5,30000,150000,2025-03-20 14:33:10
7347,TX3,sell,SRD-BTC,20,30000,600000,2025-03-20 14:33:10
7348,TX1,buy,SRD-BTC,50,30000,1.5e+06,2025-03-20 14:47:14
7348,TX2,buy,SRD-BTC,5,30000,150000,2025-03-20 14:47:14
7348,TX3,sell,SRD-BTC,20,30000,600000,2025-03-20 14:47:14
7339,TX1,buy,SRD-BTC,50,30000,1.5e+06,2025-04-26 09:57:24
7339,TX2,sell,SRD-BTC,20,30000,600000,2025-04-26 09:57:24
7338,TX1,buy,SRD-BTC,50,30000,1.5e+06,2025-04-26 10:03:46
7338,TX2,sell,SRD-BTC,20,30000,600000,2025-04-26 10:03:46
7337,TX1,buy,SRD-BTC,50,30000,1.5e+06,2025-04-26 10:08:03
7337,TX2,sell,SRD-BTC,20,30000,600000,2025-04-26 10:08:03
7336,TX1,buy,SRD-BTC,50,30000,1.5e+06,2025-04-26 10:11:18
7336,TX2,sell,SRD-BTC,20,30000,600000,2025-04-26 10:11:18
7335,TX1,buy,SRD-BTC,50,30000,1.5e+06,2025-04-26 13:49:56
7335,TX2,sell,SRD-BTC,20,30000,600000,2025-04-26 13:49:56
7334,TX1,buy,SRD-BTC,50,30000,1.5e+06,2025-04-26 13:51:59
7334,TX2,sell,SRD-BTC,20,30000,600000,2025-04-26 13:51:59
7333,TX1,buy,SRD-BTC,50,30000,1.5e+06,2025-04-26 13:52:54
7333,TX2,sell,SRD-BTC,20,30000,600000,2025-04-26 13:52:54
7332,TX3,buy,SRD-BTC,50,30000,1.5e+06,2025-04-26 13:53:26
7332,TX4,sell,SRD-BTC,20,30000,600000,2025-04-26 13:53:26
7331,TX1,buy,SRD-BTC,50,30000,1.5e+06,2025-04-26 13:57:28
7331,TX2,sell,SRD-BTC,20,30000,600000,2025-04-26 13:57:28
7330,TX1,buy,SRD-BTC,50,30000,1.5e+06,2025-04-26 14:03:33
7330,TX2,sell,SRD-BTC,20,30000,600000,2025-04-26 14:03:33
7329,TX1,buy,SRD-BTC,50,30000,1.5e+06,2025-04-26 14:04:45
7329,TX2,sell,SRD-BTC,20,30000,600000,2025-04-26 14:04:45
7328,TX1,buy,SRD-BTC,50,30000,1.5e+06,2025-04-26 14:06:29
7328,TX2,sell,SRD-BTC,20,30000,600000,2025-04-26 14:06:29
7327,TX1,buy,SRD-BTC,50,30000,1.5e+06,2025-04-26 14:16:11
7327,TX2,sell,SRD-BTC,20,30000,600000,2025-04-26 14:16:11
7326,TX1,buy,SRD-BTC,50,30000,1.5e+06,2025-04-26 16:32:47
7326,TX2,sell,SRD-BTC,20,30000,600000,2025-04-26 16:32:47
7325,TX3,buy,SRD-BTC,50,30000,1.5e+06,2025-04-26 16:34:59
7325,TX4,sell,SRD-BTC,20,30000,600000,2025-04-26 16:34:59
7324,TX1,buy,SRD-BTC,50,30000,1.5e+06,2025-04-26 16:43:41
7324,TX2,sell,SRD-BTC,20,30000,600000,2025-04-26 16:43:41
7323,TX1,buy,SRD-BTC,50,30000,1.5e+06,2025-04-26 16:48:46
7323,TX2,sell,SRD-BTC,20,30000,600000,2025-04-26 16:48:46
7322,TX1,buy,SRD-BTC,50,30000,1.5e+06,2025-04-29 19:51:49
7322,TX2,sell,SRD-BTC,20,30000,600000,2025-04-29 19:51:49
7321,TX3,buy,SRD-BTC,50,30000,1.5e+06,2025-04-29 19:53:26
7321,TX4,sell,SRD-BTC,20,30000,600000,2025-04-29 19:53:26
7217,TX1,buy,SRD-BTC,50,30000,1.5e+06,2025-04-29 20:51:48
7217,TX2,sell,SRD-BTC,20,30000,600000,2025-04-29 20:51:48
7216,TX1,buy,SRD-BTC,50,1,50,2025-04-30 23:24:03
7216,TX2,sell,SRD-BTC,20,1,20,2025-04-30 23:24:03
7215,TX1,buy,SRD-BTC,50,1,50,2025-05-01 00:35:26
7215,TX2,sell,SRD-BTC,20,1,20,2025-05-01 00:35:26
7214,TX1,buy,SRD-BTC,50,1,50,2025-05-01 00:37:45
7214,TX2,sell,SRD-BTC,20,1,20,2025-05-01 00:37:45
7213,TX1,buy,SRD-BTC,50,1,50,2025-05-01 16:20:56
7213,TX2,sell,SRD-BTC,20,1,20,2025-05-01 16:20:56
7212,TX1,buy,SRD-BTC,50,1,50,2025-05-01 16:22:42
7212,TX2,sell,SRD-BTC,20,1,20,2025-05-01 16:22:43
7211,TX1,buy,SRD-BTC,50,1,50,2025-05-01 16:28:04
7211,TX2,sell,SRD-BTC,20,1,20,2025-05-01 16:28:04
7210,TX1,buy,SRD-BTC,50,8.51009,425.505,2025-05-01 16:34:44
7210,TX2,sell,SRD-BTC,20,1,20,2025-05-01 16:34:45
7209,TX1,buy,SRD-BTC,50,1,50,2025-05-01 16:40:32
7209,TX2,sell,SRD-BTC,20,1,20,2025-05-01 16:40:32
7208,TX1,buy,SRD-BTC,50,68.0743,3403.71,2025-05-02 04:10:45
7208,TX2,sell,SRD-BTC,20,68.4421,1368.84,2025-05-02 04:10:45
7207,TX1,buy,SRD-BTC,50,67.3368,3366.84,2025-05-02 04:16:31
7207,TX2,sell,SRD-BTC,20,67.1688,1343.38,2025-05-02 04:16:31
7205,TX1,buy,SRD-BTC,50,68.2812,3414.06,2025-05-02 12:27:30
7205,TX2,sell,SRD-BTC,20,67.8525,1357.05,2025-05-02 12:27:30
7204,TX1,buy,SRD-BTC,50,68.3164,3415.82,2025-05-02 12:28:53
7204,TX2,sell,SRD-BTC,20,68.2466,1364.93,2025-05-02 12:28:53
7201,TX1,buy,SRD-BTC,50,67.9425,3397.12,2025-05-02 12:35:26
7201,TX2,sell,SRD-BTC,20,68.6318,1372.64,2025-05-02 12:35:26
7200,TX1,buy,SRD-BTC,50,67.6342,3381.71,2025-05-02 13:46:48
7199,TX1,buy,SRD-BTC,50,67.7917,3389.59,2025-05-02 13:48:53
7198,TX2,buy,SRD-BTC,50,68.0873,3404.36,2025-05-02 13:51:03
7198,TX3,sell,SRD-BTC,50,68.2492,3412.46,2025-05-02 13:51:03
7197,TX4,buy,SRD-BTC,50,68.5714,3428.57,2025-05-02 13:51:30
7197,TX5,sell,SRD-BTC,50,68.6611,3433.06,2025-05-02 13:51:30
7196,TX1,buy,SRD-BTC,50,67.6902,3384.51,2025-05-02 13:56:09
7196,TX2,sell,SRD-BTC,50,68.1846,3409.23,2025-05-02 13:56:09
7195,TX3,buy,SRD-BTC,50,68.9439,3447.2,2025-05-02 13:56:27
7195,TX4,sell,SRD-BTC,50,69.0487,3452.43,2025-05-02 13:56:27
7194,TX1,buy,SRD-BTC,50,67.5234,3376.17,2025-05-02 14:13:25
7193,TX1,buy,SRD-BTC,5,67.3596,336.798,2025-05-02 15:43:43
7192,TX1,buy,SRD-BTC,5,67.4482,337.241,2025-05-02 16:04:33
7192,TX2,buy,SRD-BTC,20,68.4273,1368.55,2025-05-02 16:04:33
7191,TX3,buy,SRD-BTC,5,67.7127,338.563,2025-05-02 16:05:41
7191,TX4,buy,SRD-BTC,20,68.5228,1370.46,2025-05-02 16:05:41
7191,TX5,sell,SRD-BTC,8.33333,68.7516,572.93,2025-05-02 16:05:41
7191,TX6,sell,SRD-BTC,5.55556,68.4956,380.531,2025-05-02 16:05:41
7191,TX7,buy,SRD-BTC,20,69.7163,1394.33,2025-05-02 16:05:41
7190,TX1,buy,SRD-BTC,20,67.6209,1352.42,2025-05-02 16:49:13
7190,TX2,sell,SRD-BTC,20,67.5827,1351.65,2025-05-02 16:49:13
7190,TX3,buy,SRD-BTC,20,67.4864,1349.73,2025-05-02 16:49:13
7190,TX4,sell,SRD-BTC,6.66667,68.0192,453.461,2025-05-02 16:49:13
7190,TX5,sell,SRD-BTC,4.44444,67.4837,299.928,2025-05-02 16:49:13
7190,TX6,sell,SRD-BTC,2.96296,66.9709,198.432,2025-05-02 16:49:13
7190,TX7,buy,SRD-BTC,20,68.195,1363.9,2025-05-02 16:49:13
7190,TX8,sell,SRD-BTC,8.64198,67.3879,582.365,2025-05-02 16:49:13
7190,TX9,sell,SRD-BTC,5.76132,66.4074,382.594,2025-05-02 16:49:13
7190,TX10,buy,SRD-BTC,20,66.4871,1329.74,2025-05-02 16:49:14
7190,TX11,sell,SRD-BTC,10.5075,66.7013,700.867,2025-05-02 16:49:14
7190,TX12,buy,SRD-BTC,20,68.6439,1372.88,2025-05-02 16:49:14
7190,TX13,sell,SRD-BTC,13.6717,68.1734,932.046,2025-05-02 16:49:14
7189,TX1,buy,SRD-BTC,20,67.392,1347.84,2025-05-02 17:05:45
7189,TX2,buy,SRD-BTC,20,68.532,1370.64,2025-05-02 17:05:45
7189,TX3,buy,SRD-BTC,20,68.958,1379.16,2025-05-02 17:05:45
7189,TX4,sell,SRD-BTC,20,68.0124,1360.25,2025-05-02 17:05:45
7189,TX5,sell,SRD-BTC,13.3333,67.7973,903.964,2025-05-02 17:05:45
7189,TX6,buy,SRD-BTC,20,69.0126,1380.25,2025-05-02 17:05:45
7189,TX7,buy,SRD-BTC,2,70.1794,140.359,2025-05-02 17:05:45
7189,TX8,buy,SRD-BTC,2,71.9024,143.805,2025-05-02 17:05:45
7189,TX9,sell,SRD-BTC,16.8889,70.924,1197.83,2025-05-02 17:05:45
7189,TX10,sell,SRD-BTC,11.2593,70.6243,795.177,2025-05-02 17:05:45
7189,TX11,sell,SRD-BTC,7.50617,69.8182,524.067,2025-05-02 17:05:45
7188,TX1,buy,SRD-BTC,20,67.7569,1355.14,2025-05-02 17:08:07
7188,TX2,sell,SRD-BTC,6.66667,67.0587,447.058,2025-05-02 17:08:07
7188,TX3,sell,SRD-BTC,4.44444,66.7946,296.865,2025-05-02 17:08:07
7188,TX4,buy,SRD-BTC,20,67.4699,1349.4,2025-05-02 17:08:07
7188,TX5,sell,SRD-BTC,9.62963,67.4697,649.708,2025-05-02 17:08:07
7188,TX6,sell,SRD-BTC,6.41975,67.0416,430.391,2025-05-02 17:08:07
7188,TX7,buy,SRD-BTC,20,68.2768,1365.54,2025-05-02 17:08:07
7188,TX8,buy,SRD-BTC,20,69.4758,1389.52,2025-05-02 17:08:07
7188,TX9,sell,SRD-BTC,17.6132,69.5436,1224.88,2025-05-02 17:08:07
7188,TX10,sell,SRD-BTC,11.7421,68.2163,801.003,2025-05-02 17:08:07
7188,TX11,buy,SRD-BTC,20,69.0706,1381.41,2025-05-02 17:08:07
7187,TX1,buy,SRD-BTC,20,68.0438,1360.88,2025-05-02 17:09:13
7187,TX2,sell,SRD-BTC,6.66667,67.7679,451.786,2025-05-02 17:09:13
7187,TX3,sell,SRD-BTC,4.44444,67.0952,298.201,2025-05-02 17:09:13
7187,TX4,buy,SRD-BTC,20,68.3023,1366.05,2025-05-02 17:09:13
7187,TX5,buy,SRD-BTC,20,69.0179,1380.36,2025-05-02 17:09:13
7187,TX6,buy,SRD-BTC,2,69.5705,139.141,2025-05-02 17:09:13
7187,TX7,sell,SRD-BTC,16.963,68.3397,1159.24,2025-05-02 17:09:13
7187,TX8,buy,SRD-BTC,20,68.8203,1376.41,2025-05-02 17:09:13
7187,TX9,buy,SRD-BTC,2,70.126,140.252,2025-05-02 17:09:13
7187,TX10,sell,SRD-BTC,18.642,68.4876,1276.74,2025-05-02 17:09:13
7187,TX11,buy,SRD-BTC,20,68.4273,1368.55,2025-05-02 17:09:13
7186,TX1,buy,SRD-BTC,20,67.2435,1344.87,2025-05-02 17:12:16
7186,TX2,buy,SRD-BTC,20,68.6394,1372.79,2025-05-02 17:12:16
7186,TX3,sell,SRD-BTC,13.3333,68.5561,914.081,2025-05-02 17:12:16
7186,TX4,buy,SRD-BTC,20,68.9738,1379.48,2025-05-02 17:12:16
7186,TX5,sell,SRD-BTC,15.5556,68.2961,1062.38,2025-05-02 17:12:16
7186,TX6,sell,SRD-BTC,10.3704,67.6375,701.426,2025-05-02 17:12:16
7186,TX7,sell,SRD-BTC,6.91358,66.7243,461.304,2025-05-02 17:12:16
7186,TX8,buy,SRD-BTC,20,66.5675,1331.35,2025-05-02 17:12:16
7186,TX9,sell,SRD-BTC,11.2757,65.8811,742.857,2025-05-02 17:12:16
7186,TX10,buy,SRD-BTC,20,66.2475,1324.95,2025-05-02 17:12:16
7186,TX11,sell,SRD-BTC,14.1838,65.9508,935.434,2025-05-02 17:12:16
7185,TX1,buy,SRD-BTC,20,67.4458,1348.92,2025-05-02 17:16:11
7185,TX2,sell,SRD-BTC,6.66667,66.568,443.787,2025-05-02 17:16:11
7185,TX3,sell,SRD-BTC,4.44444,66.4424,295.3,2025-05-02 17:16:11
7185,TX4,sell,SRD-BTC,2.96296,65.8389,195.078,2025-05-02 17:16:11
7185,TX5,sell,SRD-BTC,1.97531,65.1085,128.609,2025-05-02 17:16:11
7185,TX6,buy,SRD-BTC,20,66.621,1332.42,2025-05-02 17:16:11
7185,TX7,sell,SRD-BTC,7.98354,66.9733,534.684,2025-05-02 17:16:11
7185,TX8,sell,SRD-BTC,5.32236,66.4985,353.929,2025-05-02 17:16:11
7185,TX9,sell,SRD-BTC,3.54824,65.2609,231.561,2025-05-02 17:16:11
7185,TX10,buy,SRD-BTC,20,66.8591,1337.18,2025-05-02 17:16:11
7185,TX11,sell,SRD-BTC,9.03216,66.2042,597.967,2025-05-02 17:16:11
7185,TX12,sell,SRD-BTC,18.0643,66.1082,1194.2,2025-05-02 17:16:11
7184,TX13,buy,SRD-BTC,20,65.9992,1319.98,2025-05-02 17:18:28
7184,TX14,sell,SRD-BTC,6.66667,65.3754,435.836,2025-05-02 17:18:28
7184,TX15,sell,SRD-BTC,4.44444,64.3379,285.946,2025-05-02 17:18:28
7184,TX16,buy,SRD-BTC,20,65.3662,1307.32,2025-05-02 17:18:28
7184,TX17,sell,SRD-BTC,9.62963,65.4324,630.09,2025-05-02 17:18:28
7184,TX18,buy,SRD-BTC,20,67.1869,1343.74,2025-05-02 17:18:28
7184,TX19,buy,SRD-BTC,20,68.3081,1366.16,2025-05-02 17:18:28
7184,TX20,buy,SRD-BTC,2,69.1979,138.396,2025-05-02 17:18:28
7184,TX21,sell,SRD-BTC,20.4198,68.7035,1402.91,2025-05-02 17:18:28
7184,TX22,sell,SRD-BTC,13.6132,68.1507,927.747,2025-05-02 17:18:28
7184,TX23,sell,SRD-BTC,9.07545,67.629,613.763,2025-05-02 17:18:28
7184,TX24,sell,SRD-BTC,18.1509,67.4958,1225.11,2025-05-02 17:18:28
7183,TX25,buy,SRD-BTC,20,67.9491,1358.98,2025-05-02 17:19:05
7183,TX26,buy,SRD-BTC,20,69.6735,1393.47,2025-05-02 17:19:05
7183,TX27,sell,SRD-BTC,13.3333,68.309,910.787,2025-05-02 17:19:05
7183,TX28,sell,SRD-BTC,8.88889,67.5448,600.398,2025-05-02 17:19:05
7183,TX29,sell,SRD-BTC,5.92593,67.0089,397.09,2025-05-02 17:19:05
7183,TX30,buy,SRD-BTC,20,69.1413,1382.83,2025-05-02 17:19:05
7183,TX31,sell,SRD-BTC,10.6173,68.6082,728.433,2025-05-02 17:19:05
7183,TX32,sell,SRD-BTC,7.07819,67.5847,478.377,2025-05-02 17:19:05
7183,TX33,buy,SRD-BTC,20,66.9533,1339.07,2025-05-02 17:19:05
7183,TX34,sell,SRD-BTC,11.3855,65.8159,749.344,2025-05-02 17:19:05
7183,TX35,sell,SRD-BTC,7.59031,65.3888,496.321,2025-05-02 17:19:05
7183,TX36,sell,SRD-BTC,15.1806,65.6869,997.167,2025-05-02 17:19:05
7182,TX37,buy,SRD-BTC,20,65.366,1307.32,2025-05-02 17:19:25
7182,TX38,sell,SRD-BTC,6.66667,64.5987,430.658,2025-05-02 17:19:25
7182,TX39,buy,SRD-BTC,20,65.488,1309.76,2025-05-02 17:19:26
7182,TX40,buy,SRD-BTC,20,66.5364,1330.73,2025-05-02 17:19:26
7182,TX41,buy,SRD-BTC,2,67.8937,135.787,2025-05-02 17:19:26
7182,TX42,buy,SRD-BTC,2,67.9272,135.854,2025-05-02 17:19:26
7182,TX43,buy,SRD-BTC,2,68.6959,137.392,2025-05-02 17:19:26
7182,TX44,buy,SRD-BTC,2,70.5702,141.14,2025-05-02 17:19:26
7182,TX45,sell,SRD-BTC,20.4444,69.3673,1418.18,2025-05-02 17:19:26
7182,TX46,sell,SRD-BTC,13.6296,67.7843,923.875,2025-05-02 17:19:26
7182,TX47,sell,SRD-BTC,9.08642,67.1524,610.175,2025-05-02 17:19:26
7182,TX48,sell,SRD-BTC,18.1728,67.114,1219.65,2025-05-02 17:19:26
7180,TX1,buy,SRD-BTC,20,67.7495,1354.99,2025-05-02 17:44:38
7180,TX2,buy,SRD-BTC,20,68.4129,1368.26,2025-05-02 17:44:38
7180,TX3,sell,SRD-BTC,13.3333,65.0878,867.837,2025-05-02 17:44:38
7180,TX4,buy,SRD-BTC,20,65.8515,1317.03,2025-05-02 17:44:38
7180,TX5,buy,SRD-BTC,20,66.933,1338.66,2025-05-02 17:44:38
7180,TX6,sell,SRD-BTC,22.2222,66.7665,1483.7,2025-05-02 17:44:38
7180,TX7,sell,SRD-BTC,14.8148,67.0842,993.84,2025-05-02 17:44:38
7180,TX8,buy,SRD-BTC,20,68.6814,1373.63,2025-05-02 17:44:38
7180,TX9,buy,SRD-BTC,2,69.2314,138.463,2025-05-02 17:44:38
7180,TX10,buy,SRD-BTC,2,70.8559,141.712,2025-05-02 17:44:38
7180,TX11,buy,SRD-BTC,2,71.8526,143.705,2025-05-02 17:44:38
7180,TX12,sell,SRD-BTC,55.6296,71.8633,3997.73,2025-05-02 17:44:38
100001,TX1,buy,SRD-BTC,20,68.0638,1361.28,2025-05-02 19:06:04
100001,TX2,buy,SRD-BTC,20,68.714,1374.28,2025-05-02 19:06:04
100001,TX3,sell,SRD-BTC,13.3333,68.2881,910.508,2025-05-02 19:06:04
100001,TX4,buy,SRD-BTC,20,69.3027,1386.05,2025-05-02 19:06:04
100001,TX5,sell,SRD-BTC,15.5556,68.955,1072.63,2025-05-02 19:06:04
100001,TX6,buy,SRD-BTC,20,70.0315,1400.63,2025-05-02 19:06:04
100001,TX7,sell,SRD-BTC,17.037,69.4584,1183.37,2025-05-02 19:06:04
100001,TX8,buy,SRD-BTC,20,71.1739,1423.48,2025-05-02 19:06:04
100001,TX9,buy,SRD-BTC,2,71.3697,142.739,2025-05-02 19:06:04
100001,TX10,buy,SRD-BTC,2,72.2018,144.404,2025-05-02 19:06:04
100001,TX11,sell,SRD-BTC,19.358,71.8234,1390.36,2025-05-02 19:06:04
100001,TX12,sell,SRD-BTC,38.716,71.5861,2771.53,2025-05-02 19:06:04
100005,TX1,buy,SRD-BTC,20,67.661,1353.22,2025-05-02 19:12:07
100005,TX2,buy,SRD-BTC,20,70.7852,1415.7,2025-05-02 19:12:07
100005,TX3,sell,SRD-BTC,13.3333,70.4131,938.841,2025-05-02 19:12:07
100005,TX4,sell,SRD-BTC,8.88889,69.4765,617.569,2025-05-02 19:12:07
100005,TX5,sell,SRD-BTC,5.92593,68.5239,406.068,2025-05-02 19:12:07
100005,TX6,buy,SRD-BTC,20,69.3073,1386.15,2025-05-02 19:12:07
100005,TX7,buy,SRD-BTC,20,71.8968,1437.94,2025-05-02 19:12:07
100005,TX8,buy,SRD-BTC,2,73.2299,146.46,2025-05-02 19:12:07
100005,TX9,buy,SRD-BTC,2,73.5686,147.137,2025-05-02 19:12:07
100005,TX10,sell,SRD-BTC,18.6173,72.5159,1350.05,2025-05-02 19:12:07
100005,TX11,sell,SRD-BTC,12.4115,72.0561,894.326,2025-05-02 19:12:07
100005,TX12,sell,SRD-BTC,24.823,72.3797,1796.68,2025-05-02 19:12:07
100009,TX1,buy,SRD-BTC,20,67.7127,1354.25,2025-05-02 19:18:58
100009,TX2,sell,SRD-BTC,6.66667,68.7643,458.429,2025-05-02 19:18:58
100009,TX3,sell,SRD-BTC,4.44444,68.4981,304.436,2025-05-02 19:18:58
100009,TX4,sell,SRD-BTC,2.96296,66.4728,196.956,2025-05-02 19:18:58
100009,TX5,sell,SRD-BTC,1.97531,66.2892,130.942,2025-05-02 19:18:58
100009,TX6,sell,SRD-BTC,1.31687,64.2279,84.58,2025-05-02 19:18:58
100009,TX7,buy,SRD-BTC,20,65.2807,1305.61,2025-05-02 19:18:58
100009,TX8,sell,SRD-BTC,7.54458,64.4843,486.507,2025-05-02 19:18:58
100009,TX9,buy,SRD-BTC,20,65.6997,1313.99,2025-05-02 19:18:58
100009,TX10,sell,SRD-BTC,11.6964,64.4056,753.313,2025-05-02 19:18:58
100009,TX11,sell,SRD-BTC,7.79759,63.7674,497.232,2025-05-02 19:18:58
100009,TX12,sell,SRD-BTC,15.5952,63.8243,995.352,2025-05-02 19:18:58
100009,TX1,buy,SRD-BTC,20,68.1213,1362.43,2025-05-02 19:28:56
100009,TX2,buy,SRD-BTC,20,69.8902,1397.8,2025-05-02 19:28:56
100009,TX3,sell,SRD-BTC,40,69.5463,2781.85,2025-05-02 19:28:56
100010,TX4,buy,SRD-BTC,20,69.5686,1391.37,2025-05-02 19:28:56
100010,TX5,buy,SRD-BTC,20,71.3765,1427.53,2025-05-02 19:28:56
100010,TX6,sell,SRD-BTC,40,71.0702,2842.81,2025-05-02 19:28:56
100011,TX7,buy,SRD-BTC,20,70.934,1418.68,2025-05-02 19:28:56
100011,TX8,sell,SRD-BTC,6.66667,69.94,466.267,2025-05-02 19:28:56
100011,TX9,sell,SRD-BTC,13.3333,69.8894,931.859,2025-05-02 19:28:56
100012,TX10,buy,SRD-BTC,20,69.9173,1398.35,2025-05-02 19:28:57
100012,TX11,buy,SRD-BTC,20,71.1756,1423.51,2025-05-02 19:28:57
100012,TX12,sell,SRD-BTC,40,70.8496,2833.98,2025-05-02 19:28:57
100013,TX13,buy,SRD-BTC,20,71.0052,1420.1,2025-05-02 19:28:57
100013,TX14,buy,SRD-BTC,20,72.5982,1451.96,2025-05-02 19:28:57
100013,TX15,sell,SRD-BTC,40,72.7329,2909.32,2025-05-02 19:28:57
100014,TX16,buy,SRD-BTC,20,72.5649,1451.3,2025-05-02 19:28:57
100014,TX17,sell,SRD-BTC,6.66667,71.2792,475.195,2025-05-02 19:28:57
100014,TX18,sell,SRD-BTC,13.3333,71.0503,947.337,2025-05-02 19:28:57
100015,TX19,buy,SRD-BTC,20,71.4522,1429.04,2025-05-02 19:28:57
100015,TX20,buy,SRD-BTC,20,73.7838,1475.68,2025-05-02 19:28:57
100015,TX21,sell,SRD-BTC,40,73.9096,2956.38,2025-05-02 19:28:57
100016,TX22,buy,SRD-BTC,20,73.7593,1475.19,2025-05-02 19:28:57
100016,TX23,buy,SRD-BTC,20,73.7721,1475.44,2025-05-02 19:28:57
100016,TX24,sell,SRD-BTC,40,74.2656,2970.62,2025-05-02 19:28:57
100017,TX25,buy,SRD-BTC,20,74.3871,1487.74,2025-05-02 19:28:57
100017,TX26,buy,SRD-BTC,20,74.6879,1493.76,2025-05-02 19:28:57
100017,TX27,sell,SRD-BTC,40,74.7361,2989.44,2025-05-02 19:28:57
100018,TX28,buy,SRD-BTC,20,73.8665,1477.33,2025-05-02 19:28:57
100018,TX29,sell,SRD-BTC,6.66667,73.629,490.86,2025-05-02 19:28:57
100018,TX30,sell,SRD-BTC,13.3333,73.638,981.84,2025-05-02 19:28:57
1,TX1,buy,SRD-BTC,20,67.4214,1348.43,2025-05-02 19:54:45
1,TX2,buy,SRD-BTC,20,68.7155,1374.31,2025-05-02 19:54:45
1,TX3,sell,SRD-BTC,40,69.0994,2763.98,2025-05-02 19:54:45
2,TX4,buy,SRD-BTC,20,68.7474,1374.95,2025-05-02 19:54:45
2,TX5,sell,SRD-BTC,6.66667,68.4985,456.657,2025-05-02 19:54:45
2,TX6,sell,SRD-BTC,13.3333,68.5569,914.092,2025-05-02 19:54:45
3,TX7,buy,SRD-BTC,20,68.6394,1372.79,2025-05-02 19:54:45
3,TX8,buy,SRD-BTC,20,68.9288,1378.58,2025-05-02 19:54:45
3,TX9,sell,SRD-BTC,40,69.1663,2766.65,2025-05-02 19:54:45
4,TX10,buy,SRD-BTC,20,69.4005,1388.01,2025-05-02 19:54:45
4,TX11,sell,SRD-BTC,6.66667,68.7033,458.022,2025-05-02 19:54:45
4,TX12,sell,SRD-BTC,13.3333,69.3256,924.341,2025-05-02 19:54:45
5,TX13,buy,SRD-BTC,20,69.4008,1388.02,2025-05-02 19:54:45
5,TX14,sell,SRD-BTC,6.66667,67.4083,449.389,2025-05-02 19:54:45
5,TX15,sell,SRD-BTC,13.3333,67.4593,899.457,2025-05-02 19:54:45
6,TX16,buy,SRD-BTC,20,67.7874,1355.75,2025-05-02 19:54:45
6,TX17,sell,SRD-BTC,6.66667,67.5643,450.429,2025-05-02 19:54:45
6,TX18,sell,SRD-BTC,13.3333,67.6827,902.436,2025-05-02 19:54:45
7,TX19,buy,SRD-BTC,20,67.4819,1349.64,2025-05-02 19:54:45
7,TX20,sell,SRD-BTC,6.66667,66.1164,440.776,2025-05-02 19:54:45
7,TX21,sell,SRD-BTC,13.3333,66.2723,883.631,2025-05-02 19:54:45
8,TX22,buy,SRD-BTC,20,66.3477,1326.95,2025-05-02 19:54:45
8,TX23,sell,SRD-BTC,6.66667,67.3306,448.871,2025-05-02 19:54:45
8,TX24,sell,SRD-BTC,13.3333,67.1566,895.421,2025-05-02 19:54:45
9,TX25,buy,SRD-BTC,20,67.1593,1343.19,2025-05-02 19:54:45
9,TX26,buy,SRD-BTC,20,68.6195,1372.39,2025-05-02 19:54:45
9,TX27,sell,SRD-BTC,40,68.8221,2752.88,2025-05-02 19:54:45
10,TX28,buy,SRD-BTC,20,69.2688,1385.38,2025-05-02 19:54:45
10,TX29,sell,SRD-BTC,6.66667,69.6177,464.118,2025-05-02 19:54:45
10,TX30,sell,SRD-BTC,13.3333,69.355,924.733,2025-05-02 19:54:45
1,TX1,buy,SRD-BTC,20,67.9526,1359.05,2025-05-02 19:57:06
1,TX2,buy,SRD-BTC,20,69.4885,1389.77,2025-05-02 19:57:06
1,TX3,sell,SRD-BTC,40,69.3175,2772.7,2025-05-02 19:57:06
2,TX4,buy,SRD-BTC,20,69.0045,1380.09,2025-05-02 19:57:06
2,TX5,sell,SRD-BTC,6.66667,67.424,449.493,2025-05-02 19:57:06
2,TX6,sell,SRD-BTC,13.3333,67.0504,894.005,2025-05-02 19:57:06
3,TX7,buy,SRD-BTC,20,67.0563,1341.13,2025-05-02 19:57:06
3,TX8,sell,SRD-BTC,6.66667,66.318,442.12,2025-05-02 19:57:06
3,TX9,sell,SRD-BTC,13.3333,66.5195,886.927,2025-05-02 19:57:06
4,TX10,buy,SRD-BTC,20,66.2764,1325.53,2025-05-02 19:57:06
4,TX11,buy,SRD-BTC,20,66.7517,1335.03,2025-05-02 19:57:06
4,TX12,sell,SRD-BTC,40,66.7255,2669.02,2025-05-02 19:57:06
5,TX13,buy,SRD-BTC,20,66.3474,1326.95,2025-05-02 19:57:06
5,TX14,buy,SRD-BTC,20,65.073,1301.46,2025-05-02 19:57:06
5,TX15,sell,SRD-BTC,40,65.12,2604.8,2025-05-02 19:57:06
6,TX16,buy,SRD-BTC,20,64.712,1294.24,2025-05-02 19:57:06
6,TX17,sell,SRD-BTC,6.66667,62.7947,418.631,2025-05-02 19:57:06
6,TX18,sell,SRD-BTC,13.3333,63.0029,840.039,2025-05-02 19:57:06
7,TX19,buy,SRD-BTC,20,63.2405,1264.81,2025-05-02 19:57:06
7,TX20,sell,SRD-BTC,6.66667,62.5652,417.101,2025-05-02 19:57:06
7,TX21,sell,SRD-BTC,13.3333,62.2276,829.701,2025-05-02 19:57:06
8,TX22,buy,SRD-BTC,20,62.6856,1253.71,2025-05-02 19:57:06
8,TX23,buy,SRD-BTC,20,63.7596,1275.19,2025-05-02 19:57:06
8,TX24,sell,SRD-BTC,40,63.05,2522,2025-05-02 19:57:06
9,TX25,buy,SRD-BTC,20,62.4133,1248.27,2025-05-02 19:57:06
9,TX26,sell,SRD-BTC,6.66667,61.4243,409.495,2025-05-02 19:57:06
9,TX27,sell,SRD-BTC,13.3333,61.6305,821.74,2025-05-02 19:57:06
10,TX28,buy,SRD-BTC,20,61.4061,1228.12,2025-05-02 19:57:06
10,TX29,sell,SRD-BTC,6.66667,60.9336,406.224,2025-05-02 19:57:06
10,TX30,sell,SRD-BTC,13.3333,60.9038,812.051,2025-05-02 19:57:06
1,TX1,buy,SRD-BTC,20,67.8946,1357.89,2025-05-02 20:00:22
1,TX2,sell,SRD-BTC,6.66667,67.7109,451.406,2025-05-02 20:00:22
1,TX3,sell,SRD-BTC,13.3333,67.7053,902.737,2025-05-02 20:00:22
2,TX4,buy,SRD-BTC,20,67.7322,1354.64,2025-05-02 20:00:22
2,TX5,buy,SRD-BTC,20,67.1208,1342.42,2025-05-02 20:00:22
2,TX6,sell,SRD-BTC,40,67.3157,2692.63,2025-05-02 20:00:22
3,TX7,buy,SRD-BTC,20,67.162,1343.24,2025-05-02 20:00:22
3,TX8,sell,SRD-BTC,6.66667,67.5552,450.368,2025-05-02 20:00:22
3,TX9,sell,SRD-BTC,13.3333,68.0173,906.897,2025-05-02 20:00:22
4,TX10,buy,SRD-BTC,20,67.8319,1356.64,2025-05-02 20:00:22
4,TX11,buy,SRD-BTC,20,69.1624,1383.25,2025-05-02 20:00:22
4,TX12,sell,SRD-BTC,40,69.7391,2789.56,2025-05-02 20:00:22
5,TX13,buy,SRD-BTC,20,69.6715,1393.43,2025-05-02 20:00:22
5,TX14,sell,SRD-BTC,6.66667,69.4669,463.113,2025-05-02 20:00:22
5,TX15,sell,SRD-BTC,13.3333,69.2792,923.723,2025-05-02 20:00:22
6,TX16,buy,SRD-BTC,20,69.3265,1386.53,2025-05-02 20:00:22
6,TX17,sell,SRD-BTC,6.66667,68.7961,458.641,2025-05-02 20:00:22
6,TX18,sell,SRD-BTC,13.3333,68.8073,917.431,2025-05-02 20:00:22
7,TX19,buy,SRD-BTC,20,68.6783,1373.57,2025-05-02 20:00:22
7,TX20,buy,SRD-BTC,20,69.6495,1392.99,2025-05-02 20:00:22
7,TX21,sell,SRD-BTC,40,69.3931,2775.72,2025-05-02 20:00:22
8,TX22,buy,SRD-BTC,20,69.1079,1382.16,2025-05-02 20:00:22
8,TX23,buy,SRD-BTC,20,69.9147,1398.29,2025-05-02 20:00:22
8,TX24,sell,SRD-BTC,40,69.8988,2795.95,2025-05-02 20:00:22
9,TX25,buy,SRD-BTC,20,69.5903,1391.81,2025-05-02 20:00:22
9,TX26,sell,SRD-BTC,6.66667,68.2673,455.115,2025-05-02 20:00:22
9,TX27,sell,SRD-BTC,13.3333,68.0968,907.957,2025-05-02 20:00:22
10,TX28,buy,SRD-BTC,20,68.2512,1365.02,2025-05-02 20:00:22
10,TX29,sell,SRD-BTC,6.66667,68.7785,458.523,2025-05-02 20:00:22
10,TX30,sell,SRD-BTC,13.3333,69.067,920.893,2025-05-02 20:00:22
1,TX1,buy,SRD-BTC,20,67.8792,1357.58,2025-05-02 20:13:12
1,TX2,sell,SRD-BTC,6.66667,67.3239,448.826,2025-05-02 20:13:12
1,TX3,sell,SRD-BTC,13.3333,67.0264,893.685,2025-05-02 20:13:12
2,TX4,buy,SRD-BTC,20,67.0475,1340.95,2025-05-02 20:13:12
2,TX5,buy,SRD-BTC,20,68.1994,1363.99,2025-05-02 20:13:12
2,TX6,sell,SRD-BTC,40,68.0886,2723.54,2025-05-02 20:13:12
3,TX7,buy,SRD-BTC,20,68.2972,1365.94,2025-05-02 20:13:12
3,TX8,sell,SRD-BTC,6.66667,67.1802,447.868,2025-05-02 20:13:12
3,TX9,sell,SRD-BTC,13.3333,67.0192,893.589,2025-05-02 20:13:12
4,TX10,buy,SRD-BTC,20,66.6414,1332.83,2025-05-02 20:13:12
4,TX11,sell,SRD-BTC,6.66667,65.351,435.673,2025-05-02 20:13:12
4,TX12,sell,SRD-BTC,13.3333,65.7299,876.399,2025-05-02 20:13:12
5,TX13,buy,SRD-BTC,20,65.8755,1317.51,2025-05-02 20:13:12
5,TX14,buy,SRD-BTC,20,68.2032,1364.06,2025-05-02 20:13:12
5,TX15,sell,SRD-BTC,40,68.779,2751.16,2025-05-02 20:13:12
6,TX16,buy,SRD-BTC,20,68.3205,1366.41,2025-05-02 20:13:12
6,TX17,sell,SRD-BTC,6.66667,70.4748,469.832,2025-05-02 20:13:12
6,TX18,sell,SRD-BTC,13.3333,69.848,931.307,2025-05-02 20:13:12
7,TX19,buy,SRD-BTC,20,69.5341,1390.68,2025-05-02 20:13:12
7,TX20,sell,SRD-BTC,6.66667,68.619,457.46,2025-05-02 20:13:12
7,TX21,sell,SRD-BTC,13.3333,68.5766,914.355,2025-05-02 20:13:12
8,TX22,buy,SRD-BTC,20,68.6785,1373.57,2025-05-02 20:13:12
8,TX23,sell,SRD-BTC,6.66667,69.0392,460.261,2025-05-02 20:13:12
8,TX24,sell,SRD-BTC,13.3333,68.6941,915.921,2025-05-02 20:13:12
9,TX25,buy,SRD-BTC,20,69.2083,1384.17,2025-05-02 20:13:12
9,TX26,buy,SRD-BTC,20,70.1402,1402.8,2025-05-02 20:13:12
9,TX27,sell,SRD-BTC,40,69.9266,2797.06,2025-05-02 20:13:12
10,TX28,buy,SRD-BTC,20,70.5057,1410.11,2025-05-02 20:13:13
10,TX29,sell,SRD-BTC,6.66667,68.99,459.933,2025-05-02 20:13:13
10,TX30,sell,SRD-BTC,13.3333,68.9866,919.821,2025-05-02 20:13:13
1,TX1,buy,SRD-BTC,20,67.9749,1359.5,2025-05-02 20:24:07
1,TX2,sell,SRD-BTC,6.66667,67.6008,450.672,2025-05-02 20:24:07
1,TX3,buy,SRD-BTC,20,68.5933,1371.87,2025-05-02 20:24:07
1,TX4,buy,SRD-BTC,20,69.9411,1398.82,2025-05-02 20:24:07
1,TX5,sell,SRD-BTC,17.7778,69.9818,1244.12,2025-05-02 20:24:07
1,TX6,buy,SRD-BTC,20,70.5244,1410.49,2025-05-02 20:24:07
1,TX7,buy,SRD-BTC,2,73.253,146.506,2025-05-02 20:24:07
1,TX8,buy,SRD-BTC,2,73.0659,146.132,2025-05-02 20:24:07
1,TX9,buy,SRD-BTC,2,74.4144,148.829,2025-05-02 20:24:07
1,TX10,sell,SRD-BTC,20.5185,73.4648,1507.39,2025-05-02 20:24:07
1,TX11,sell,SRD-BTC,13.679,73.5105,1005.55,2025-05-02 20:24:07
1,TX12,sell,SRD-BTC,27.358,74.0221,2025.1,2025-05-02 20:24:07
2,TX13,buy,SRD-BTC,20,74.4083,1488.17,2025-05-02 20:24:07
2,TX14,buy,SRD-BTC,20,75.731,1514.62,2025-05-02 20:24:07
2,TX15,sell,SRD-BTC,13.3333,75.1221,1001.63,2025-05-02 20:24:07
2,TX16,sell,SRD-BTC,8.88889,74.0419,658.15,2025-05-02 20:24:07
2,TX17,buy,SRD-BTC,20,74.9596,1499.19,2025-05-02 20:24:07
2,TX18,buy,SRD-BTC,2,76.3876,152.775,2025-05-02 20:24:07
2,TX19,buy,SRD-BTC,2,76.8967,153.793,2025-05-02 20:24:07
2,TX20,sell,SRD-BTC,13.9259,76.6992,1068.11,2025-05-02 20:24:07
2,TX21,sell,SRD-BTC,9.28395,76.1698,707.157,2025-05-02 20:24:07
2,TX22,sell,SRD-BTC,6.1893,75.3301,466.241,2025-05-02 20:24:07
2,TX23,sell,SRD-BTC,4.1262,73.811,304.559,2025-05-02 20:24:07
2,TX24,sell,SRD-BTC,8.2524,73.5067,606.607,2025-05-02 20:24:07
3,TX25,buy,SRD-BTC,20,73.7585,1475.17,2025-05-02 20:24:07
3,TX26,sell,SRD-BTC,6.66667,72.8382,485.588,2025-05-02 20:24:07
3,TX27,sell,SRD-BTC,4.44444,71.2381,316.614,2025-05-02 20:24:08
3,TX28,buy,SRD-BTC,20,71.6306,1432.61,2025-05-02 20:24:08
3,TX29,sell,SRD-BTC,9.62963,70.3915,677.844,2025-05-02 20:24:08
3,TX30,sell,SRD-BTC,6.41975,69.2167,444.354,2025-05-02 20:24:08
3,TX31,sell,SRD-BTC,4.27984,68.4127,292.795,2025-05-02 20:24:08
3,TX32,sell,SRD-BTC,2.85322,67.2121,191.771,2025-05-02 20:24:08
3,TX33,sell,SRD-BTC,1.90215,66.9015,127.257,2025-05-02 20:24:08
3,TX34,sell,SRD-BTC,1.2681,67.3046,85.3489,2025-05-02 20:24:08
3,TX35,sell,SRD-BTC,0.8454,66.8924,56.5508,2025-05-02 20:24:08
3,TX36,sell,SRD-BTC,1.6908,66.9362,113.176,2025-05-02 20:24:08
4,TX37,buy,SRD-BTC,20,66.6051,1332.1,2025-05-02 20:24:08
4,TX38,buy,SRD-BTC,20,69.0912,1381.82,2025-05-02 20:24:08
4,TX39,buy,SRD-BTC,20,70.6226,1412.45,2025-05-02 20:24:08
4,TX40,sell,SRD-BTC,20,69.6744,1393.49,2025-05-02 20:24:08
4,TX41,sell,SRD-BTC,13.3333,68.6301,915.068,2025-05-02 20:24:08
4,TX42,buy,SRD-BTC,20,69.8558,1397.12,2025-05-02 20:24:08
4,TX43,buy,SRD-BTC,2,73.1947,146.389,2025-05-02 20:24:08
4,TX44,sell,SRD-BTC,16.2222,72.4779,1175.75,2025-05-02 20:24:08
4,TX45,sell,SRD-BTC,10.8148,71.7469,775.929,2025-05-02 20:24:08
4,TX46,sell,SRD-BTC,7.20988,69.7161,502.644,2025-05-02 20:24:08
4,TX47,sell,SRD-BTC,4.80658,69.2888,333.042,2025-05-02 20:24:08
4,TX48,sell,SRD-BTC,9.61317,69.9876,672.803,2025-05-02 20:24:08
5,TX49,buy,SRD-BTC,20,70.3532,1407.06,2025-05-02 20:24:08
5,TX50,sell,SRD-BTC,6.66667,69.9276,466.184,2025-05-02 20:24:08
5,TX51,sell,SRD-BTC,4.44444,69.3444,308.197,2025-05-02 20:24:08
5,TX52,sell,SRD-BTC,2.96296,69.2272,205.118,2025-05-02 20:24:08
5,TX53,sell,SRD-BTC,1.97531,66.8575,132.064,2025-05-02 20:24:08
5,TX54,sell,SRD-BTC,1.31687,66.3108,87.3229,2025-05-02 20:24:08
5,TX55,sell,SRD-BTC,0.877915,66.067,58.0012,2025-05-02 20:24:08
5,TX56,sell,SRD-BTC,0.585277,65.7842,38.502,2025-05-02 20:24:08
5,TX57,sell,SRD-BTC,0.390184,63.9074,24.9357,2025-05-02 20:24:08
5,TX58,buy,SRD-BTC,20,64.9706,1299.41,2025-05-02 20:24:08
5,TX59,buy,SRD-BTC,20,66.0874,1321.75,2025-05-02 20:24:08
5,TX60,sell,SRD-BTC,40.7804,66.1608,2698.06,2025-05-02 20:24:08
6,TX61,buy,SRD-BTC,20,66.2779,1325.56,2025-05-02 20:24:08
6,TX62,buy,SRD-BTC,20,67.4985,1349.97,2025-05-02 20:24:08
6,TX63,sell,SRD-BTC,13.3333,66.2681,883.575,2025-05-02 20:24:09
6,TX64,sell,SRD-BTC,8.88889,66.1876,588.334,2025-05-02 20:24:09
6,TX65,buy,SRD-BTC,20,67.5731,1351.46,2025-05-02 20:24:09
6,TX66,sell,SRD-BTC,12.5926,66.5456,837.982,2025-05-02 20:24:09
6,TX67,sell,SRD-BTC,8.39506,66.3191,556.753,2025-05-02 20:24:09
6,TX68,sell,SRD-BTC,5.59671,65.6986,367.696,2025-05-02 20:24:09
6,TX69,sell,SRD-BTC,3.73114,64.5192,240.73,2025-05-02 20:24:09
6,TX70,sell,SRD-BTC,2.48743,64.3763,160.131,2025-05-02 20:24:09
6,TX71,buy,SRD-BTC,20,65.3288,1306.58,2025-05-02 20:24:09
6,TX72,sell,SRD-BTC,24.9749,65.4529,1634.68,2025-05-02 20:24:09
7,TX73,buy,SRD-BTC,20,65.0291,1300.58,2025-05-02 20:24:09
7,TX74,buy,SRD-BTC,20,66.9582,1339.16,2025-05-02 20:24:09
7,TX75,buy,SRD-BTC,20,67.8972,1357.94,2025-05-02 20:24:09
7,TX76,sell,SRD-BTC,20,67.7567,1355.13,2025-05-02 20:24:09
7,TX77,sell,SRD-BTC,13.3333,66.9952,893.269,2025-05-02 20:24:09
7,TX78,sell,SRD-BTC,8.88889,66.5013,591.123,2025-05-02 20:24:09
7,TX79,sell,SRD-BTC,5.92593,65.7065,389.372,2025-05-02 20:24:09
7,TX80,sell,SRD-BTC,3.95062,64.4643,254.674,2025-05-02 20:24:09
7,TX81,buy,SRD-BTC,20,65.6033,1312.07,2025-05-02 20:24:09
7,TX82,sell,SRD-BTC,9.30041,65.7918,611.891,2025-05-02 20:24:09
7,TX83,sell,SRD-BTC,6.20027,65.8862,408.513,2025-05-02 20:24:09
7,TX84,sell,SRD-BTC,12.4005,65.7724,815.614,2025-05-02 20:24:09
8,TX85,buy,SRD-BTC,20,65.6674,1313.35,2025-05-02 20:24:09
8,TX86,sell,SRD-BTC,6.66667,64.2333,428.222,2025-05-02 20:24:09
8,TX87,sell,SRD-BTC,4.44444,62.5456,277.98,2025-05-02 20:24:09
8,TX88,buy,SRD-BTC,20,63.9513,1279.03,2025-05-02 20:24:09
8,TX89,sell,SRD-BTC,9.62963,63.4245,610.754,2025-05-02 20:24:09
8,TX90,sell,SRD-BTC,6.41975,63.8041,409.607,2025-05-02 20:24:09
8,TX91,buy,SRD-BTC,20,64.9883,1299.77,2025-05-02 20:24:09
8,TX92,buy,SRD-BTC,20,65.3244,1306.49,2025-05-02 20:24:09
8,TX93,sell,SRD-BTC,17.6132,64.7406,1140.29,2025-05-02 20:24:09
8,TX94,sell,SRD-BTC,11.7421,63.6641,747.551,2025-05-02 20:24:10
8,TX95,sell,SRD-BTC,7.82807,63.1474,494.323,2025-05-02 20:24:10
8,TX96,sell,SRD-BTC,15.6561,62.7855,982.979,2025-05-02 20:24:10
9,TX97,buy,SRD-BTC,20,62.8607,1257.21,2025-05-02 20:24:10
9,TX98,sell,SRD-BTC,6.66667,60.9989,406.659,2025-05-02 20:24:10
9,TX99,sell,SRD-BTC,4.44444,60.4619,268.72,2025-05-02 20:24:10
9,TX100,sell,SRD-BTC,2.96296,60.005,177.793,2025-05-02 20:24:10
9,TX101,buy,SRD-BTC,20,61.136,1222.72,2025-05-02 20:24:10
9,TX102,buy,SRD-BTC,20,62.2638,1245.28,2025-05-02 20:24:10
9,TX103,sell,SRD-BTC,15.3086,62.5596,957.703,2025-05-02 20:24:10
9,TX104,sell,SRD-BTC,10.2058,61.2945,625.557,2025-05-02 20:24:10
9,TX105,sell,SRD-BTC,6.80384,60.9274,414.54,2025-05-02 20:24:10
9,TX106,sell,SRD-BTC,4.53589,60.3205,273.607,2025-05-02 20:24:10
9,TX107,sell,SRD-BTC,3.02393,59.7377,180.643,2025-05-02 20:24:10
9,TX108,sell,SRD-BTC,6.04786,59.475,359.696,2025-05-02 20:24:10
10,TX109,buy,SRD-BTC,20,59.3774,1187.55,2025-05-02 20:24:10
10,TX110,sell,SRD-BTC,6.66667,57.8812,385.875,2025-05-02 20:24:10
10,TX111,buy,SRD-BTC,20,59.1164,1182.33,2025-05-02 20:24:10
10,TX112,sell,SRD-BTC,11.1111,58.2597,647.33,2025-05-02 20:24:10
10,TX113,buy,SRD-BTC,20,59.3117,1186.23,2025-05-02 20:24:10
10,TX114,sell,SRD-BTC,14.0741,57.6351,811.161,2025-05-02 20:24:10
10,TX115,sell,SRD-BTC,9.38272,56.1661,526.991,2025-05-02 20:24:10
10,TX116,buy,SRD-BTC,20,57.0019,1140.04,2025-05-02 20:24:10
10,TX117,sell,SRD-BTC,12.9218,56.7203,732.929,2025-05-02 20:24:10
10,TX118,buy,SRD-BTC,20,58.195,1163.9,2025-05-02 20:24:10
10,TX119,sell,SRD-BTC,15.2812,58.1453,888.53,2025-05-02 20:24:10
10,TX120,sell,SRD-BTC,30.5624,58.3168,1782.3,2025-05-02 20:24:10
11,TX121,buy,SRD-BTC,20,58.0625,1161.25,2025-05-02 20:24:10
11,TX122,buy,SRD-BTC,20,58.3464,1166.93,2025-05-02 20:24:10
11,TX123,buy,SRD-BTC,20,58.8292,1176.58,2025-05-02 20:24:11
11,TX124,sell,SRD-BTC,20,58.5847,1171.69,2025-05-02 20:24:11
11,TX125,sell,SRD-BTC,13.3333,58.2263,776.351,2025-05-02 20:24:11
11,TX126,sell,SRD-BTC,8.88889,58.129,516.702,2025-05-02 20:24:11
11,TX127,sell,SRD-BTC,5.92593,57.4954,340.713,2025-05-02 20:24:11
11,TX128,sell,SRD-BTC,3.95062,56.4193,222.891,2025-05-02 20:24:11
11,TX129,sell,SRD-BTC,2.63374,56.0866,147.718,2025-05-02 20:24:11
11,TX130,buy,SRD-BTC,20,58.194,1163.88,2025-05-02 20:24:11
11,TX131,buy,SRD-BTC,20,59.8251,1196.5,2025-05-02 20:24:11
11,TX132,sell,SRD-BTC,45.2675,59.7741,2705.82,2025-05-02 20:24:11
12,TX133,buy,SRD-BTC,20,59.9323,1198.65,2025-05-02 20:24:11
12,TX134,buy,SRD-BTC,20,61.8513,1237.03,2025-05-02 20:24:11
12,TX135,sell,SRD-BTC,13.3333,62.189,829.187,2025-05-02 20:24:11
12,TX136,buy,SRD-BTC,20,62.6822,1253.64,2025-05-02 20:24:11
12,TX137,sell,SRD-BTC,15.5556,62.9284,978.886,2025-05-02 20:24:11
12,TX138,buy,SRD-BTC,20,64.2923,1285.85,2025-05-02 20:24:11
12,TX139,sell,SRD-BTC,17.037,63.6743,1084.82,2025-05-02 20:24:11
12,TX140,sell,SRD-BTC,11.358,62.6457,711.531,2025-05-02 20:24:11
12,TX141,sell,SRD-BTC,7.57202,61.4708,465.458,2025-05-02 20:24:11
12,TX142,buy,SRD-BTC,20,63.4036,1268.07,2025-05-02 20:24:11
12,TX143,sell,SRD-BTC,11.7147,63.2132,740.522,2025-05-02 20:24:11
12,TX144,sell,SRD-BTC,23.4294,62.6196,1467.14,2025-05-02 20:24:11
13,TX145,buy,SRD-BTC,20,62.5206,1250.41,2025-05-02 20:24:11
13,TX146,buy,SRD-BTC,20,63.9213,1278.43,2025-05-02 20:24:11
13,TX147,buy,SRD-BTC,20,64.9237,1298.47,2025-05-02 20:24:11
13,TX148,sell,SRD-BTC,20,64.937,1298.74,2025-05-02 20:24:11
13,TX149,sell,SRD-BTC,13.3333,64.0627,854.169,2025-05-02 20:24:11
13,TX150,sell,SRD-BTC,8.88889,63.8166,567.259,2025-05-02 20:24:11
13,TX151,buy,SRD-BTC,20,64.8301,1296.6,2025-05-02 20:24:11
13,TX152,buy,SRD-BTC,20,66.2628,1325.26,2025-05-02 20:24:11
13,TX153,sell,SRD-BTC,19.2593,64.8593,1249.14,2025-05-02 20:24:11
13,TX154,sell,SRD-BTC,12.8395,63.1939,811.378,2025-05-02 20:24:11
13,TX155,sell,SRD-BTC,8.55967,62.0672,531.275,2025-05-02 20:24:11
13,TX156,sell,SRD-BTC,17.1193,61.4379,1051.78,2025-05-02 20:24:11
14,TX157,buy,SRD-BTC,20,60.9851,1219.7,2025-05-02 20:24:11
14,TX158,buy,SRD-BTC,20,62.2171,1244.34,2025-05-02 20:24:12
14,TX159,sell,SRD-BTC,13.3333,61.2022,816.029,2025-05-02 20:24:12
14,TX160,buy,SRD-BTC,20,61.9892,1239.78,2025-05-02 20:24:12
14,TX161,buy,SRD-BTC,20,63.8789,1277.58,2025-05-02 20:24:12
14,TX162,buy,SRD-BTC,2,64.6987,129.397,2025-05-02 20:24:12
14,TX163,buy,SRD-BTC,2,66.784,133.568,2025-05-02 20:24:12
14,TX164,sell,SRD-BTC,23.5556,66.5375,1567.33,2025-05-02 20:24:12
14,TX165,buy,SRD-BTC,20,67.5489,1350.98,2025-05-02 20:24:12
14,TX166,sell,SRD-BTC,22.3704,67.3866,1507.46,2025-05-02 20:24:12
14,TX167,sell,SRD-BTC,14.9136,66.3677,989.78,2025-05-02 20:24:12
14,TX168,sell,SRD-BTC,29.8272,66.1762,1973.85,2025-05-02 20:24:12
15,TX169,buy,SRD-BTC,20,65.7827,1315.65,2025-05-02 20:24:12
15,TX170,sell,SRD-BTC,6.66667,65.3705,435.803,2025-05-02 20:24:12
15,TX171,sell,SRD-BTC,4.44444,65.7072,292.032,2025-05-02 20:24:12
15,TX172,buy,SRD-BTC,20,65.6222,1312.44,2025-05-02 20:24:12
15,TX173,buy,SRD-BTC,20,66.8469,1336.94,2025-05-02 20:24:12
15,TX174,sell,SRD-BTC,16.2963,66.0161,1075.82,2025-05-02 20:24:12
15,TX175,sell,SRD-BTC,10.8642,65.8821,715.756,2025-05-02 20:24:12
15,TX176,sell,SRD-BTC,7.2428,64.9781,470.623,2025-05-02 20:24:12
15,TX177,sell,SRD-BTC,4.82853,63.556,306.882,2025-05-02 20:24:12
15,TX178,sell,SRD-BTC,3.21902,62.6923,201.808,2025-05-02 20:24:12
15,TX179,buy,SRD-BTC,20,63.2184,1264.37,2025-05-02 20:24:12
15,TX180,sell,SRD-BTC,26.438,63.0033,1665.68,2025-05-02 20:24:12
16,TX181,buy,SRD-BTC,20,62.796,1255.92,2025-05-02 20:24:12
16,TX182,sell,SRD-BTC,6.66667,61.2842,408.561,2025-05-02 20:24:12
16,TX183,buy,SRD-BTC,20,62.3846,1247.69,2025-05-02 20:24:12
16,TX184,sell,SRD-BTC,11.1111,60.7456,674.951,2025-05-02 20:24:12
16,TX185,sell,SRD-BTC,7.40741,60.4895,448.07,2025-05-02 20:24:13
16,TX186,sell,SRD-BTC,4.93827,59.1731,292.213,2025-05-02 20:24:13
16,TX187,buy,SRD-BTC,20,60.1042,1202.08,2025-05-02 20:24:13
16,TX188,buy,SRD-BTC,20,61.0867,1221.73,2025-05-02 20:24:13
16,TX189,buy,SRD-BTC,20,61.5745,1231.49,2025-05-02 20:24:13
16,TX190,sell,SRD-BTC,23.2922,61.3618,1429.25,2025-05-02 20:24:13
16,TX191,sell,SRD-BTC,15.5281,60.0022,931.721,2025-05-02 20:24:13
16,TX192,sell,SRD-BTC,31.0562,59.8966,1860.16,2025-05-02 20:24:13
17,TX193,buy,SRD-BTC,20,59.9024,1198.05,2025-05-02 20:24:13
17,TX194,buy,SRD-BTC,20,60.7637,1215.27,2025-05-02 20:24:13
17,TX195,sell,SRD-BTC,13.3333,59.9707,799.609,2025-05-02 20:24:13
17,TX196,buy,SRD-BTC,20,59.6789,1193.58,2025-05-02 20:24:13
17,TX197,buy,SRD-BTC,20,59.9949,1199.9,2025-05-02 20:24:13
17,TX198,buy,SRD-BTC,2,60.3113,120.623,2025-05-02 20:24:13
17,TX199,sell,SRD-BTC,22.8889,58.8309,1346.57,2025-05-02 20:24:13
17,TX200,buy,SRD-BTC,20,60.0054,1200.11,2025-05-02 20:24:13
17,TX201,buy,SRD-BTC,2,60.5799,121.16,2025-05-02 20:24:13
17,TX202,buy,SRD-BTC,2,61.0947,122.189,2025-05-02 20:24:13
17,TX203,sell,SRD-BTC,23.2593,60.9712,1418.14,2025-05-02 20:24:13
17,TX204,sell,SRD-BTC,46.5185,61.1007,2842.31,2025-05-02 20:24:13
18,TX205,buy,SRD-BTC,20,60.9445,1218.89,2025-05-02 20:24:13
18,TX206,buy,SRD-BTC,20,61.7873,1235.75,2025-05-02 20:24:13
18,TX207,sell,SRD-BTC,13.3333,61.3671,818.228,2025-05-02 20:24:13
18,TX208,sell,SRD-BTC,8.88889,61.305,544.933,2025-05-02 20:24:13
18,TX209,sell,SRD-BTC,5.92593,60.9928,361.439,2025-05-02 20:24:13
18,TX210,sell,SRD-BTC,3.95062,60.684,239.739,2025-05-02 20:24:14
18,TX211,sell,SRD-BTC,2.63374,60.167,158.465,2025-05-02 20:24:14
18,TX212,sell,SRD-BTC,1.75583,59.1753,103.902,2025-05-02 20:24:14
18,TX213,sell,SRD-BTC,1.17055,59.208,69.3061,2025-05-02 20:24:14
18,TX214,sell,SRD-BTC,0.780369,58.7288,45.8301,2025-05-02 20:24:14
18,TX215,sell,SRD-BTC,0.520246,58.039,30.1946,2025-05-02 20:24:14
18,TX216,sell,SRD-BTC,1.04049,57.8715,60.2148,2025-05-02 20:24:14
19,TX217,buy,SRD-BTC,20,57.5743,1151.49,2025-05-02 20:24:14
19,TX218,sell,SRD-BTC,6.66667,57.1807,381.205,2025-05-02 20:24:14
19,TX219,sell,SRD-BTC,4.44444,57.3808,255.026,2025-05-02 20:24:14
19,TX220,buy,SRD-BTC,20,57.598,1151.96,2025-05-02 20:24:14
19,TX221,sell,SRD-BTC,9.62963,57.4833,553.543,2025-05-02 20:24:14
19,TX222,sell,SRD-BTC,6.41975,56.5726,363.182,2025-05-02 20:24:14
19,TX223,sell,SRD-BTC,4.27984,56.096,240.082,2025-05-02 20:24:14
19,TX224,sell,SRD-BTC,2.85322,56.1273,160.144,2025-05-02 20:24:14
19,TX225,sell,SRD-BTC,1.90215,55.5825,105.726,2025-05-02 20:24:14
19,TX226,buy,SRD-BTC,20,55.6125,1112.25,2025-05-02 20:24:14
19,TX227,sell,SRD-BTC,7.93477,54.1719,429.841,2025-05-02 20:24:14
19,TX228,sell,SRD-BTC,15.8695,54.3679,862.793,2025-05-02 20:24:14
20,TX229,buy,SRD-BTC,20,54.2639,1085.28,2025-05-02 20:24:14
20,TX230,sell,SRD-BTC,6.66667,53.4448,356.299,2025-05-02 20:24:14
20,TX231,sell,SRD-BTC,4.44444,52.8062,234.694,2025-05-02 20:24:14
20,TX232,sell,SRD-BTC,2.96296,53.1278,157.416,2025-05-02 20:24:15
20,TX233,sell,SRD-BTC,1.97531,52.4709,103.646,2025-05-02 20:24:15
20,TX234,sell,SRD-BTC,1.31687,52.8062,69.539,2025-05-02 20:24:15
20,TX235,sell,SRD-BTC,0.877915,52.4482,46.0451,2025-05-02 20:24:15
20,TX236,buy,SRD-BTC,20,53.7446,1074.89,2025-05-02 20:24:15
20,TX237,buy,SRD-BTC,20,54.3836,1087.67,2025-05-02 20:24:15
20,TX238,sell,SRD-BTC,13.9186,54.391,757.047,2025-05-02 20:24:15
20,TX239,sell,SRD-BTC,9.27907,54.5188,505.884,2025-05-02 20:24:15
20,TX240,sell,SRD-BTC,18.5581,54.8012,1017.01,2025-05-02 20:24:15
21,TX241,buy,SRD-BTC,20,54.9326,1098.65,2025-05-02 20:24:15
21,TX242,sell,SRD-BTC,6.66667,54.1545,361.03,2025-05-02 20:24:15
21,TX243,buy,SRD-BTC,20,55.0331,1100.66,2025-05-02 20:24:15
21,TX244,buy,SRD-BTC,20,55.693,1113.86,2025-05-02 20:24:15
21,TX245,buy,SRD-BTC,20,56.9098,1138.2,2025-05-02 20:24:15
21,TX246,sell,SRD-BTC,24.4444,56.4657,1380.27,2025-05-02 20:24:15
21,TX247,buy,SRD-BTC,20,57.7986,1155.97,2025-05-02 20:24:15
21,TX248,sell,SRD-BTC,22.963,58.0449,1332.88,2025-05-02 20:24:15
21,TX249,buy,SRD-BTC,20,58.6624,1173.25,2025-05-02 20:24:15
21,TX250,sell,SRD-BTC,21.9753,56.6796,1245.55,2025-05-02 20:24:15
21,TX251,sell,SRD-BTC,14.6502,56.4081,826.39,2025-05-02 20:24:16
21,TX252,sell,SRD-BTC,29.3004,56.4422,1653.78,2025-05-02 20:24:16
22,TX253,buy,SRD-BTC,20,56.1142,1122.28,2025-05-02 20:24:16
22,TX254,sell,SRD-BTC,6.66667,56.2845,375.23,2025-05-02 20:24:16
22,TX255,sell,SRD-BTC,4.44444,55.8221,248.098,2025-05-02 20:24:16
22,TX256,buy,SRD-BTC,20,56.987,1139.74,2025-05-02 20:24:16
22,TX257,sell,SRD-BTC,9.62963,56.6359,545.383,2025-05-02 20:24:16
22,TX258,sell,SRD-BTC,6.41975,55.9941,359.468,2025-05-02 20:24:16
22,TX259,buy,SRD-BTC,20,57.128,1142.56,2025-05-02 20:24:16
22,TX260,sell,SRD-BTC,10.9465,56.7839,621.585,2025-05-02 20:24:16
22,TX261,buy,SRD-BTC,20,58.4098,1168.2,2025-05-02 20:24:16
22,TX262,sell,SRD-BTC,13.9643,57.9737,809.564,2025-05-02 20:24:16
22,TX263,sell,SRD-BTC,9.30956,57.2993,533.431,2025-05-02 20:24:16
22,TX264,sell,SRD-BTC,18.6191,57.1999,1065.01,2025-05-02 20:24:16
23,TX265,buy,SRD-BTC,20,57.1046,1142.09,2025-05-02 20:24:16
23,TX266,buy,SRD-BTC,20,57.8834,1157.67,2025-05-02 20:24:16
23,TX267,buy,SRD-BTC,20,58.5638,1171.28,2025-05-02 20:24:16
23,TX268,buy,SRD-BTC,20,59.1306,1182.61,2025-05-02 20:24:16
23,TX269,buy,SRD-BTC,2,60.3451,120.69,2025-05-02 20:24:16
23,TX270,sell,SRD-BTC,27.3333,59.4033,1623.69,2025-05-02 20:24:16
23,TX271,buy,SRD-BTC,20,60.0947,1201.89,2025-05-02 20:24:17
23,TX272,buy,SRD-BTC,2,60.0254,120.051,2025-05-02 20:24:17
23,TX273,buy,SRD-BTC,2,60.1888,120.378,2025-05-02 20:24:17
23,TX274,sell,SRD-BTC,26.2222,59.824,1568.72,2025-05-02 20:24:17
23,TX275,sell,SRD-BTC,17.4815,59.7768,1044.99,2025-05-02 20:24:17
23,TX276,sell,SRD-BTC,34.963,59.3466,2074.93,2025-05-02 20:24:17
24,TX277,buy,SRD-BTC,20,59.0374,1180.75,2025-05-02 20:24:17
24,TX278,sell,SRD-BTC,6.66667,57.8208,385.472,2025-05-02 20:24:17
24,TX279,sell,SRD-BTC,4.44444,56.9565,253.14,2025-05-02 20:24:17
24,TX280,buy,SRD-BTC,20,57.2668,1145.34,2025-05-02 20:24:17
24,TX281,buy,SRD-BTC,20,58.3486,1166.97,2025-05-02 20:24:17
24,TX282,buy,SRD-BTC,20,60.052,1201.04,2025-05-02 20:24:17
24,TX283,sell,SRD-BTC,22.963,59.4739,1365.7,2025-05-02 20:24:17
24,TX284,sell,SRD-BTC,15.3086,58.9538,902.503,2025-05-02 20:24:17
24,TX285,sell,SRD-BTC,10.2058,58.5264,597.306,2025-05-02 20:24:17
24,TX286,buy,SRD-BTC,20,59.7409,1194.82,2025-05-02 20:24:17
24,TX287,buy,SRD-BTC,20,59.6113,1192.23,2025-05-02 20:24:17
24,TX288,sell,SRD-BTC,60.4115,59.444,3591.1,2025-05-02 20:24:17
25,TX289,buy,SRD-BTC,20,58.8687,1177.37,2025-05-02 20:24:17
25,TX290,sell,SRD-BTC,6.66667,58.0943,387.295,2025-05-02 20:24:17
25,TX291,sell,SRD-BTC,4.44444,56.7054,252.024,2025-05-02 20:24:17
25,TX292,buy,SRD-BTC,20,58.2484,1164.97,2025-05-02 20:24:17
25,TX293,sell,SRD-BTC,9.62963,56.6517,545.535,2025-05-02 20:24:17
25,TX294,sell,SRD-BTC,6.41975,56.1667,360.576,2025-05-02 20:24:18
25,TX295,sell,SRD-BTC,4.27984,55.8216,238.907,2025-05-02 20:24:18
25,TX296,sell,SRD-BTC,2.85322,55.6855,158.883,2025-05-02 20:24:18
25,TX297,sell,SRD-BTC,1.90215,54.9658,104.553,2025-05-02 20:24:18
25,TX298,sell,SRD-BTC,1.2681,54.4084,68.9953,2025-05-02 20:24:18
25,TX299,sell,SRD-BTC,0.8454,53.1625,44.9436,2025-05-02 20:24:18
25,TX300,sell,SRD-BTC,1.6908,52.8923,89.4303,2025-05-02 20:24:18
26,TX301,buy,SRD-BTC,20,53.1755,1063.51,2025-05-02 20:24:18
26,TX302,buy,SRD-BTC,20,54.1776,1083.55,2025-05-02 20:24:18
26,TX303,buy,SRD-BTC,20,55.4734,1109.47,2025-05-02 20:24:18
26,TX304,sell,SRD-BTC,20,53.5807,1071.61,2025-05-02 20:24:18
26,TX305,sell,SRD-BTC,13.3333,53.7735,716.98,2025-05-02 20:24:18
26,TX306,buy,SRD-BTC,20,55.2124,1104.25,2025-05-02 20:24:18
26,TX307,buy,SRD-BTC,20,56.6049,1132.1,2025-05-02 20:24:18
26,TX308,sell,SRD-BTC,22.2222,56.1969,1248.82,2025-05-02 20:24:18
26,TX309,sell,SRD-BTC,14.8148,56.0705,830.674,2025-05-02 20:24:18
26,TX310,sell,SRD-BTC,9.87654,55.4348,547.504,2025-05-02 20:24:18
26,TX311,sell,SRD-BTC,6.58436,54.3583,357.915,2025-05-02 20:24:18
26,TX312,sell,SRD-BTC,13.1687,54.3692,715.973,2025-05-02 20:24:18
27,TX313,buy,SRD-BTC,20,53.9531,1079.06,2025-05-02 20:24:18
27,TX314,sell,SRD-BTC,6.66667,53.4749,356.499,2025-05-02 20:24:18
27,TX315,sell,SRD-BTC,4.44444,54.1531,240.68,2025-05-02 20:24:18
27,TX316,buy,SRD-BTC,20,54.9611,1099.22,2025-05-02 20:24:18
27,TX317,sell,SRD-BTC,9.62963,53.6092,516.237,2025-05-02 20:24:18
27,TX318,buy,SRD-BTC,20,56.2834,1125.67,2025-05-02 20:24:18
27,TX319,sell,SRD-BTC,13.0864,55.6728,728.558,2025-05-02 20:24:19
27,TX320,sell,SRD-BTC,8.72428,54.6872,477.106,2025-05-02 20:24:19
27,TX321,buy,SRD-BTC,20,55.7822,1115.64,2025-05-02 20:24:19
27,TX322,buy,SRD-BTC,20,55.9278,1118.56,2025-05-02 20:24:19
27,TX323,buy,SRD-BTC,20,57.0289,1140.58,2025-05-02 20:24:19
27,TX324,sell,SRD-BTC,77.4486,57.0307,4416.95,2025-05-02 20:24:19
28,TX325,buy,SRD-BTC,20,57.1456,1142.91,2025-05-02 20:24:19
28,TX326,sell,SRD-BTC,6.66667,56.7354,378.236,2025-05-02 20:24:19
28,TX327,sell,SRD-BTC,4.44444,56.7866,252.385,2025-05-02 20:24:19
28,TX328,sell,SRD-BTC,2.96296,56.5394,167.524,2025-05-02 20:24:19
28,TX329,sell,SRD-BTC,1.97531,54.1954,107.053,2025-05-02 20:24:19
28,TX330,sell,SRD-BTC,1.31687,53.8472,70.9099,2025-05-02 20:24:19
28,TX331,sell,SRD-BTC,0.877915,53.0816,46.6011,2025-05-02 20:24:19
28,TX332,sell,SRD-BTC,0.585277,53.0596,31.0545,2025-05-02 20:24:19
28,TX333,buy,SRD-BTC,20,53.1858,1063.72,2025-05-02 20:24:19
28,TX334,sell,SRD-BTC,7.05685,53.1577,375.126,2025-05-02 20:24:19
28,TX335,sell,SRD-BTC,4.70457,52.4468,246.74,2025-05-02 20:24:19
28,TX336,sell,SRD-BTC,9.40913,52.436,493.377,2025-05-02 20:24:19
29,TX337,buy,SRD-BTC,20,52.2835,1045.67,2025-05-02 20:24:19
29,TX338,sell,SRD-BTC,6.66667,50.7583,338.389,2025-05-02 20:24:20
29,TX339,sell,SRD-BTC,4.44444,49.9775,222.122,2025-05-02 20:24:20
29,TX340,sell,SRD-BTC,2.96296,48.3132,143.15,2025-05-02 20:24:20
29,TX341,buy,SRD-BTC,20,49.2673,985.346,2025-05-02 20:24:20
29,TX342,sell,SRD-BTC,8.64198,47.8601,413.606,2025-05-02 20:24:20
29,TX343,sell,SRD-BTC,5.76132,47.2183,272.04,2025-05-02 20:24:20
29,TX344,sell,SRD-BTC,3.84088,46.667,179.242,2025-05-02 20:24:20
29,TX345,buy,SRD-BTC,20,48.0195,960.39,2025-05-02 20:24:20
29,TX346,sell,SRD-BTC,9.22725,47.4937,438.236,2025-05-02 20:24:20
29,TX347,buy,SRD-BTC,20,48.1826,963.652,2025-05-02 20:24:20
29,TX348,sell,SRD-BTC,38.4545,48.6704,1871.6,2025-05-02 20:24:20
30,TX349,buy,SRD-BTC,20,48.8323,976.646,2025-05-02 20:24:20
30,TX350,sell,SRD-BTC,6.66667,47.8839,319.226,2025-05-02 20:24:20
30,TX351,sell,SRD-BTC,4.44444,47.0382,209.059,2025-05-02 20:24:20
30,TX352,buy,SRD-BTC,20,47.5577,951.154,2025-05-02 20:24:20
30,TX353,sell,SRD-BTC,9.62963,48.1222,463.399,2025-05-02 20:24:20
30,TX354,sell,SRD-BTC,6.41975,47.4861,304.849,2025-05-02 20:24:20
30,TX355,sell,SRD-BTC,4.27984,46.6773,199.771,2025-05-02 20:24:20
30,TX356,buy,SRD-BTC,20,47.3296,946.592,2025-05-02 20:24:20
30,TX357,sell,SRD-BTC,9.51989,46.4949,442.626,2025-05-02 20:24:20
30,TX358,sell,SRD-BTC,6.34659,46.85,297.338,2025-05-02 20:24:20
30,TX359,sell,SRD-BTC,4.23106,46.5117,196.794,2025-05-02 20:24:20
30,TX360,sell,SRD-BTC,8.46212,46.8186,396.185,2025-05-02 20:24:20
31,TX361,buy,SRD-BTC,20,46.7283,934.566,2025-05-02 20:24:21
31,TX362,sell,SRD-BTC,6.66667,46.5794,310.529,2025-05-02 20:24:21
31,TX363,sell,SRD-BTC,4.44444,46.2977,205.768,2025-05-02 20:24:21
31,TX364,buy,SRD-BTC,20,47.6421,952.842,2025-05-02 20:24:21
31,TX365,sell,SRD-BTC,9.62963,45.3805,436.997,2025-05-02 20:24:21
31,TX366,sell,SRD-BTC,6.41975,44.4803,285.553,2025-05-02 20:24:21
31,TX367,sell,SRD-BTC,4.27984,44.5756,190.776,2025-05-02 20:24:21
31,TX368,sell,SRD-BTC,2.85322,44.7478,127.675,2025-05-02 20:24:21
31,TX369,buy,SRD-BTC,20,44.0472,880.944,2025-05-02 20:24:21
31,TX370,sell,SRD-BTC,8.56882,43.3609,371.552,2025-05-02 20:24:21
31,TX371,sell,SRD-BTC,5.71254,42.0366,240.136,2025-05-02 20:24:21
31,TX372,sell,SRD-BTC,11.4251,41.6648,476.024,2025-05-02 20:24:21
32,TX373,buy,SRD-BTC,20,41.8165,836.33,2025-05-02 20:24:21
32,TX374,sell,SRD-BTC,6.66667,41.8463,278.975,2025-05-02 20:24:21
32,TX375,sell,SRD-BTC,4.44444,41.1973,183.099,2025-05-02 20:24:21
32,TX376,sell,SRD-BTC,2.96296,40.8169,120.939,2025-05-02 20:24:22
32,TX377,sell,SRD-BTC,1.97531,40.7122,80.4192,2025-05-02 20:24:22
32,TX378,buy,SRD-BTC,20,41.2533,825.066,2025-05-02 20:24:22
32,TX379,sell,SRD-BTC,7.98354,40.264,321.449,2025-05-02 20:24:22
32,TX380,sell,SRD-BTC,5.32236,39.599,210.76,2025-05-02 20:24:22
32,TX381,sell,SRD-BTC,3.54824,39.1985,139.086,2025-05-02 20:24:22
32,TX382,buy,SRD-BTC,20,39.9974,799.948,2025-05-02 20:24:22
32,TX383,sell,SRD-BTC,9.03216,40.5492,366.247,2025-05-02 20:24:22
32,TX384,sell,SRD-BTC,18.0643,40.6472,734.264,2025-05-02 20:24:22
33,TX385,buy,SRD-BTC,20,40.7186,814.372,2025-05-02 20:24:22
33,TX386,buy,SRD-BTC,20,41.0821,821.642,2025-05-02 20:24:22
33,TX387,sell,SRD-BTC,13.3333,40.5882,541.176,2025-05-02 20:24:22
33,TX388,sell,SRD-BTC,8.88889,40.1936,357.276,2025-05-02 20:24:22
33,TX389,sell,SRD-BTC,5.92593,39.797,235.834,2025-05-02 20:24:22
33,TX390,buy,SRD-BTC,20,39.8436,796.872,2025-05-02 20:24:22
33,TX391,sell,SRD-BTC,10.6173,39.5936,420.376,2025-05-02 20:24:22
33,TX392,sell,SRD-BTC,7.07819,38.9793,275.903,2025-05-02 20:24:22
33,TX393,sell,SRD-BTC,4.71879,38.4392,181.387,2025-05-02 20:24:22
33,TX394,sell,SRD-BTC,3.14586,38.3066,120.507,2025-05-02 20:24:22
33,TX395,buy,SRD-BTC,20,39.6311,792.622,2025-05-02 20:24:23
33,TX396,sell,SRD-BTC,26.2917,39.378,1035.32,2025-05-02 20:24:23
34,TX397,buy,SRD-BTC,20,39.3547,787.094,2025-05-02 20:24:23
34,TX398,buy,SRD-BTC,20,39.2895,785.79,2025-05-02 20:24:23
34,TX399,sell,SRD-BTC,13.3333,38.9685,519.58,2025-05-02 20:24:23
34,TX400,sell,SRD-BTC,8.88889,38.0179,337.937,2025-05-02 20:24:23
34,TX401,buy,SRD-BTC,20,38.9037,778.074,2025-05-02 20:24:23
34,TX402,buy,SRD-BTC,20,39.3285,786.57,2025-05-02 20:24:23
34,TX403,sell,SRD-BTC,19.2593,38.8691,748.59,2025-05-02 20:24:23
34,TX404,sell,SRD-BTC,12.8395,38.7622,497.688,2025-05-02 20:24:23
34,TX405,sell,SRD-BTC,8.55967,38.7892,332.023,2025-05-02 20:24:23
34,TX406,sell,SRD-BTC,5.70645,38.4384,219.347,2025-05-02 20:24:23
34,TX407,sell,SRD-BTC,3.8043,38.5092,146.5,2025-05-02 20:24:23
34,TX408,sell,SRD-BTC,7.6086,38.3327,291.658,2025-05-02 20:24:23
35,TX409,buy,SRD-BTC,20,38.4497,768.994,2025-05-02 20:24:23
35,TX410,buy,SRD-BTC,20,38.9297,778.594,2025-05-02 20:24:23
35,TX411,buy,SRD-BTC,20,39.4237,788.474,2025-05-02 20:24:23
35,TX412,sell,SRD-BTC,20,39.2061,784.122,2025-05-02 20:24:23
35,TX413,buy,SRD-BTC,20,39.0376,780.752,2025-05-02 20:24:23
35,TX414,buy,SRD-BTC,20,39.8567,797.134,2025-05-02 20:24:23
35,TX415,buy,SRD-BTC,20,40.466,809.32,2025-05-02 20:24:24
35,TX416,buy,SRD-BTC,20,41.9372,838.744,2025-05-02 20:24:24
35,TX417,buy,SRD-BTC,20,42.4447,848.894,2025-05-02 20:24:24
35,TX418,sell,SRD-BTC,46.6667,42.1094,1965.11,2025-05-02 20:24:24
35,TX419,buy,SRD-BTC,20,42.4385,848.77,2025-05-02 20:24:24
35,TX420,sell,SRD-BTC,113.333,42.4727,4813.57,2025-05-02 20:24:24
36,TX421,buy,SRD-BTC,20,42.5271,850.542,2025-05-02 20:24:24
36,TX422,buy,SRD-BTC,20,42.9716,859.432,2025-05-02 20:24:24
36,TX423,sell,SRD-BTC,13.3333,43.1591,575.455,2025-05-02 20:24:24
36,TX424,sell,SRD-BTC,8.88889,42.8111,380.543,2025-05-02 20:24:24
36,TX425,sell,SRD-BTC,5.92593,42.6584,252.791,2025-05-02 20:24:24
36,TX426,buy,SRD-BTC,20,43.5265,870.53,2025-05-02 20:24:24
36,TX427,sell,SRD-BTC,10.6173,42.8834,455.305,2025-05-02 20:24:24
36,TX428,buy,SRD-BTC,20,43.6268,872.536,2025-05-02 20:24:24
36,TX429,buy,SRD-BTC,20,44.6756,893.512,2025-05-02 20:24:24
36,TX430,buy,SRD-BTC,20,44.7238,894.476,2025-05-02 20:24:24
36,TX431,buy,SRD-BTC,20,45.6669,913.338,2025-05-02 20:24:24
36,TX432,sell,SRD-BTC,101.235,45.5263,4608.84,2025-05-02 20:24:24
37,TX433,buy,SRD-BTC,20,45.5828,911.656,2025-05-02 20:24:24
37,TX434,sell,SRD-BTC,6.66667,45.6222,304.148,2025-05-02 20:24:25
37,TX435,sell,SRD-BTC,4.44444,44.8728,199.435,2025-05-02 20:24:25
37,TX436,buy,SRD-BTC,20,45.0029,900.058,2025-05-02 20:24:25
37,TX437,buy,SRD-BTC,20,45.9886,919.772,2025-05-02 20:24:25
37,TX438,buy,SRD-BTC,20,46.3777,927.554,2025-05-02 20:24:25
37,TX439,buy,SRD-BTC,20,47.6215,952.43,2025-05-02 20:24:25
37,TX440,buy,SRD-BTC,20,49.0397,980.794,2025-05-02 20:24:25
37,TX441,sell,SRD-BTC,36.2963,49.3637,1791.72,2025-05-02 20:24:25
37,TX442,sell,SRD-BTC,24.1975,48.3369,1169.63,2025-05-02 20:24:25
37,TX443,sell,SRD-BTC,16.1317,46.4597,749.473,2025-05-02 20:24:25
37,TX444,sell,SRD-BTC,32.2634,46.3924,1496.78,2025-05-02 20:24:25
38,TX445,buy,SRD-BTC,20,46.3861,927.722,2025-05-02 20:24:25
38,TX446,buy,SRD-BTC,20,47.8226,956.452,2025-05-02 20:24:25
38,TX447,sell,SRD-BTC,13.3333,46.9748,626.331,2025-05-02 20:24:25
38,TX448,sell,SRD-BTC,8.88889,46.7161,415.254,2025-05-02 20:24:26
38,TX449,buy,SRD-BTC,20,48.5792,971.584,2025-05-02 20:24:26
38,TX450,sell,SRD-BTC,12.5926,47.8472,602.52,2025-05-02 20:24:26
38,TX451,sell,SRD-BTC,8.39506,47.8914,402.051,2025-05-02 20:24:26
38,TX452,sell,SRD-BTC,5.59671,47.7944,267.491,2025-05-02 20:24:26
38,TX453,buy,SRD-BTC,20,48.7994,975.988,2025-05-02 20:24:26
38,TX454,buy,SRD-BTC,20,49.739,994.78,2025-05-02 20:24:26
38,TX455,buy,SRD-BTC,20,50.0962,1001.92,2025-05-02 20:24:26
38,TX456,sell,SRD-BTC,71.1934,50.5479,3598.68,2025-05-02 20:24:26
39,TX457,buy,SRD-BTC,20,50.483,1009.66,2025-05-02 20:24:26
39,TX458,buy,SRD-BTC,20,50.7972,1015.94,2025-05-02 20:24:26
39,TX459,sell,SRD-BTC,13.3333,49.5053,660.071,2025-05-02 20:24:26
39,TX460,sell,SRD-BTC,8.88889,49.6271,441.13,2025-05-02 20:24:26
39,TX461,sell,SRD-BTC,5.92593,48.869,289.594,2025-05-02 20:24:26
39,TX462,sell,SRD-BTC,3.95062,48.884,193.122,2025-05-02 20:24:27
39,TX463,sell,SRD-BTC,2.63374,48.735,128.356,2025-05-02 20:24:27
39,TX464,sell,SRD-BTC,1.75583,48.6666,85.4503,2025-05-02 20:24:27
39,TX465,sell,SRD-BTC,1.17055,48.2898,56.5258,2025-05-02 20:24:27
39,TX466,buy,SRD-BTC,20,49.888,997.76,2025-05-02 20:24:27
39,TX467,sell,SRD-BTC,7.44704,49.7678,370.623,2025-05-02 20:24:27
39,TX468,sell,SRD-BTC,14.8941,49.6817,739.963,2025-05-02 20:24:27
40,TX469,buy,SRD-BTC,20,49.9635,999.27,2025-05-02 20:24:27
40,TX470,buy,SRD-BTC,20,50.8166,1016.33,2025-05-02 20:24:27
40,TX471,sell,SRD-BTC,13.3333,50.2921,670.561,2025-05-02 20:24:27
40,TX472,sell,SRD-BTC,8.88889,49.5115,440.102,2025-05-02 20:24:27
40,TX473,sell,SRD-BTC,5.92593,48.6359,288.213,2025-05-02 20:24:27
40,TX474,buy,SRD-BTC,20,49.3796,987.592,2025-05-02 20:24:27
40,TX475,buy,SRD-BTC,20,51.0411,1020.82,2025-05-02 20:24:27
40,TX476,buy,SRD-BTC,20,51.6977,1033.95,2025-05-02 20:24:27
40,TX477,sell,SRD-BTC,23.9506,50.5453,1210.59,2025-05-02 20:24:27
40,TX478,buy,SRD-BTC,20,51.1612,1023.22,2025-05-02 20:24:27
40,TX479,sell,SRD-BTC,22.6337,50.6586,1146.59,2025-05-02 20:24:28
40,TX480,sell,SRD-BTC,45.2675,50.5734,2289.33,2025-05-02 20:24:28
41,TX481,buy,SRD-BTC,20,50.2077,1004.15,2025-05-02 20:24:28
41,TX482,sell,SRD-BTC,6.66667,49.1416,327.611,2025-05-02 20:24:28
41,TX483,buy,SRD-BTC,20,50.0478,1000.96,2025-05-02 20:24:28
41,TX484,sell,SRD-BTC,11.1111,49.6239,551.377,2025-05-02 20:24:28
41,TX485,sell,SRD-BTC,7.40741,49.2631,364.912,2025-05-02 20:24:28
41,TX486,sell,SRD-BTC,4.93827,48.8081,241.028,2025-05-02 20:24:28
41,TX487,sell,SRD-BTC,3.29218,48.3763,159.264,2025-05-02 20:24:28
41,TX488,buy,SRD-BTC,20,48.1669,963.338,2025-05-02 20:24:28
41,TX489,sell,SRD-BTC,8.86145,47.8003,423.58,2025-05-02 20:24:28
41,TX490,buy,SRD-BTC,20,50.2753,1005.51,2025-05-02 20:24:28
41,TX491,buy,SRD-BTC,20,50.1194,1002.39,2025-05-02 20:24:28
41,TX492,sell,SRD-BTC,57.7229,50.2946,2903.15,2025-05-02 20:24:28
42,TX493,buy,SRD-BTC,20,50.4722,1009.44,2025-05-02 20:24:28
42,TX494,sell,SRD-BTC,6.66667,49.5799,330.533,2025-05-02 20:24:28
42,TX495,buy,SRD-BTC,20,50.8922,1017.84,2025-05-02 20:24:28
42,TX496,buy,SRD-BTC,20,52.073,1041.46,2025-05-02 20:24:28
42,TX497,buy,SRD-BTC,20,53.6283,1072.57,2025-05-02 20:24:29
42,TX498,buy,SRD-BTC,20,53.4504,1069.01,2025-05-02 20:24:29
42,TX499,buy,SRD-BTC,2,54.688,109.376,2025-05-02 20:24:29
42,TX500,buy,SRD-BTC,2,55.8726,111.745,2025-05-02 20:24:29
42,TX501,buy,SRD-BTC,2,57.5486,115.097,2025-05-02 20:24:29
42,TX502,sell,SRD-BTC,33.1111,57.4596,1902.55,2025-05-02 20:24:29
42,TX503,sell,SRD-BTC,22.0741,56.8568,1255.06,2025-05-02 20:24:29
42,TX504,sell,SRD-BTC,44.1481,57.2055,2525.52,2025-05-02 20:24:29
43,TX505,buy,SRD-BTC,20,57.2375,1144.75,2025-05-02 20:24:29
43,TX506,buy,SRD-BTC,20,58.437,1168.74,2025-05-02 20:24:29
43,TX507,buy,SRD-BTC,20,59.9001,1198,2025-05-02 20:24:29
43,TX508,sell,SRD-BTC,20,61.2789,1225.58,2025-05-02 20:24:29
43,TX509,sell,SRD-BTC,13.3333,60.2331,803.108,2025-05-02 20:24:29
43,TX510,sell,SRD-BTC,8.88889,59.0147,524.575,2025-05-02 20:24:29
43,TX511,sell,SRD-BTC,5.92593,58.1969,344.871,2025-05-02 20:24:29
43,TX512,sell,SRD-BTC,3.95062,58.0345,229.272,2025-05-02 20:24:30
43,TX513,buy,SRD-BTC,20,59.2798,1185.6,2025-05-02 20:24:30
43,TX514,sell,SRD-BTC,9.30041,58.838,547.218,2025-05-02 20:24:30
43,TX515,sell,SRD-BTC,6.20027,58.6165,363.438,2025-05-02 20:24:30
43,TX516,sell,SRD-BTC,12.4005,58.4926,725.34,2025-05-02 20:24:30
44,TX517,buy,SRD-BTC,20,58.6768,1173.54,2025-05-02 20:24:30
44,TX518,sell,SRD-BTC,6.66667,57.8458,385.639,2025-05-02 20:24:30
44,TX519,buy,SRD-BTC,20,59.8279,1196.56,2025-05-02 20:24:30
44,TX520,buy,SRD-BTC,20,61.3944,1227.89,2025-05-02 20:24:30
44,TX521,sell,SRD-BTC,17.7778,60.4087,1073.93,2025-05-02 20:24:30
44,TX522,sell,SRD-BTC,11.8519,60.2162,713.673,2025-05-02 20:24:30
44,TX523,sell,SRD-BTC,7.90123,60.8356,480.676,2025-05-02 20:24:30
44,TX524,buy,SRD-BTC,20,62.4467,1248.93,2025-05-02 20:24:30
44,TX525,buy,SRD-BTC,20,63.1167,1262.33,2025-05-02 20:24:30
44,TX526,buy,SRD-BTC,20,64.5961,1291.92,2025-05-02 20:24:30
44,TX527,sell,SRD-BTC,25.2675,63.8027,1612.13,2025-05-02 20:24:30
44,TX528,sell,SRD-BTC,50.535,63.6876,3218.45,2025-05-02 20:24:30
45,TX529,buy,SRD-BTC,20,63.7808,1275.62,2025-05-02 20:24:30
45,TX530,buy,SRD-BTC,20,65.0051,1300.1,2025-05-02 20:24:30
45,TX531,buy,SRD-BTC,20,66.5792,1331.58,2025-05-02 20:24:31
45,TX532,sell,SRD-BTC,20,65.2173,1304.35,2025-05-02 20:24:31
45,TX533,sell,SRD-BTC,13.3333,64.8843,865.124,2025-05-02 20:24:31
45,TX534,sell,SRD-BTC,8.88889,64.4788,573.145,2025-05-02 20:24:31
45,TX535,buy,SRD-BTC,20,65.9197,1318.39,2025-05-02 20:24:31
45,TX536,buy,SRD-BTC,20,66.6932,1333.86,2025-05-02 20:24:31
45,TX537,sell,SRD-BTC,19.2593,66.0907,1272.86,2025-05-02 20:24:31
45,TX538,buy,SRD-BTC,20,65.5661,1311.32,2025-05-02 20:24:31
45,TX539,buy,SRD-BTC,2,66.9001,133.8,2025-05-02 20:24:31
45,TX540,sell,SRD-BTC,60.5185,66.9993,4054.7,2025-05-02 20:24:31
46,TX541,buy,SRD-BTC,20,67.3023,1346.05,2025-05-02 20:24:31
46,TX542,buy,SRD-BTC,20,68.9355,1378.71,2025-05-02 20:24:31
46,TX543,sell,SRD-BTC,13.3333,67.3356,897.808,2025-05-02 20:24:31
46,TX544,sell,SRD-BTC,8.88889,66.9985,595.542,2025-05-02 20:24:31
46,TX545,buy,SRD-BTC,20,67.2341,1344.68,2025-05-02 20:24:31
46,TX546,buy,SRD-BTC,20,69.9059,1398.12,2025-05-02 20:24:31
46,TX547,buy,SRD-BTC,2,71.0782,142.156,2025-05-02 20:24:31
46,TX548,buy,SRD-BTC,2,74.17,148.34,2025-05-02 20:24:31
46,TX549,sell,SRD-BTC,20.5926,73.3373,1510.21,2025-05-02 20:24:31
46,TX550,buy,SRD-BTC,2,75.2716,150.543,2025-05-02 20:24:32
46,TX551,buy,SRD-BTC,2,77.3553,154.711,2025-05-02 20:24:32
46,TX552,sell,SRD-BTC,45.1852,77.2147,3488.96,2025-05-02 20:24:32
47,TX553,buy,SRD-BTC,20,76.9938,1539.88,2025-05-02 20:24:32
47,TX554,buy,SRD-BTC,20,79.9879,1599.76,2025-05-02 20:24:32
47,TX555,sell,SRD-BTC,13.3333,80.7852,1077.14,2025-05-02 20:24:32
47,TX556,sell,SRD-BTC,8.88889,80.2235,713.098,2025-05-02 20:24:32
47,TX557,buy,SRD-BTC,20,82.3367,1646.73,2025-05-02 20:24:32
47,TX558,sell,SRD-BTC,12.5926,79.5003,1001.11,2025-05-02 20:24:32
47,TX559,buy,SRD-BTC,2,81.046,162.092,2025-05-02 20:24:32
47,TX560,sell,SRD-BTC,9.06173,80.5712,730.114,2025-05-02 20:24:32
47,TX561,buy,SRD-BTC,20,83.1445,1662.89,2025-05-02 20:24:32
47,TX562,sell,SRD-BTC,12.7078,82.0606,1042.81,2025-05-02 20:24:32
47,TX563,buy,SRD-BTC,2,84.6678,169.336,2025-05-02 20:24:32
47,TX564,sell,SRD-BTC,27.4156,84.5592,2318.24,2025-05-02 20:24:32
48,TX565,buy,SRD-BTC,20,84.4262,1688.52,2025-05-02 20:24:33
48,TX566,buy,SRD-BTC,2,85.8875,171.775,2025-05-02 20:24:33
48,TX567,sell,SRD-BTC,7.33333,85.2836,625.413,2025-05-02 20:24:33
48,TX568,sell,SRD-BTC,4.88889,83.607,408.745,2025-05-02 20:24:33
48,TX569,sell,SRD-BTC,3.25926,82.98,270.453,2025-05-02 20:24:33
48,TX570,buy,SRD-BTC,20,82.6243,1652.49,2025-05-02 20:24:33
48,TX571,sell,SRD-BTC,8.83951,81.4064,719.592,2025-05-02 20:24:33
48,TX572,buy,SRD-BTC,2,85.3068,170.614,2025-05-02 20:24:33
48,TX573,sell,SRD-BTC,6.55967,83.802,549.714,2025-05-02 20:24:33
48,TX574,sell,SRD-BTC,4.37311,83.1268,363.523,2025-05-02 20:24:33
48,TX575,sell,SRD-BTC,2.91541,81.098,236.434,2025-05-02 20:24:33
48,TX576,sell,SRD-BTC,5.83082,81.2432,473.714,2025-05-02 20:24:33
49,TX577,buy,SRD-BTC,20,81.117,1622.34,2025-05-02 20:24:33
49,TX578,buy,SRD-BTC,20,81.7447,1634.89,2025-05-02 20:24:33
49,TX579,buy,SRD-BTC,2,82.0865,164.173,2025-05-02 20:24:34
49,TX580,sell,SRD-BTC,14,80.4173,1125.84,2025-05-02 20:24:34
49,TX581,buy,SRD-BTC,2,83.3313,166.663,2025-05-02 20:24:34
49,TX582,buy,SRD-BTC,2,85.006,170.012,2025-05-02 20:24:34
49,TX583,buy,SRD-BTC,2,85.8792,171.758,2025-05-02 20:24:34
49,TX584,buy,SRD-BTC,2,87.982,175.964,2025-05-02 20:24:34
49,TX585,buy,SRD-BTC,2,87.7267,175.453,2025-05-02 20:24:34
49,TX586,sell,SRD-BTC,12.6667,87.1801,1104.28,2025-05-02 20:24:34
49,TX587,sell,SRD-BTC,8.44444,87.2132,736.467,2025-05-02 20:24:35
49,TX588,sell,SRD-BTC,16.8889,86.9374,1468.28,2025-05-02 20:24:35
50,TX589,buy,SRD-BTC,20,86.831,1736.62,2025-05-02 20:24:35
50,TX590,buy,SRD-BTC,2,88.8617,177.723,2025-05-02 20:24:35
50,TX591,sell,SRD-BTC,7.33333,88.4855,648.894,2025-05-02 20:24:35
50,TX592,sell,SRD-BTC,4.88889,88.3371,431.87,2025-05-02 20:24:35
50,TX593,sell,SRD-BTC,3.25926,87.7769,286.088,2025-05-02 20:24:35
50,TX594,sell,SRD-BTC,2.17284,87.3985,189.903,2025-05-02 20:24:35
50,TX595,buy,SRD-BTC,20,88.8916,1777.83,2025-05-02 20:24:35
50,TX596,sell,SRD-BTC,8.11523,88.7016,719.834,2025-05-02 20:24:35
50,TX597,sell,SRD-BTC,5.41015,88.637,479.54,2025-05-02 20:24:35
50,TX598,buy,SRD-BTC,20,90.2469,1804.94,2025-05-02 20:24:35
50,TX599,sell,SRD-BTC,10.2734,90.383,928.544,2025-05-02 20:24:35
50,TX600,sell,SRD-BTC,20.5469,90.3435,1856.28,2025-05-02 20:24:35
51,TX601,buy,SRD-BTC,20,90.1731,1803.46,2025-05-02 20:24:35
51,TX602,sell,SRD-BTC,6.66667,88.8789,592.526,2025-05-02 20:24:35
51,TX603,sell,SRD-BTC,4.44444,88.8059,394.693,2025-05-02 20:24:36
51,TX604,buy,SRD-BTC,20,90.9177,1818.35,2025-05-02 20:24:36
51,TX605,buy,SRD-BTC,2,92.3247,184.649,2025-05-02 20:24:36
51,TX606,sell,SRD-BTC,10.2963,91.8721,945.942,2025-05-02 20:24:36
51,TX607,sell,SRD-BTC,6.8642,91.3724,627.198,2025-05-02 20:24:33
51,TX608,sell,SRD-BTC,4.57613,89.5072,409.597,2025-05-02 20:24:33
51,TX609,buy,SRD-BTC,2,92.0259,184.052,2025-05-02 20:24:34
51,TX610,buy,SRD-BTC,2,92.2691,184.538,2025-05-02 20:24:34
51,TX611,buy,SRD-BTC,2,93.7501,187.5,2025-05-02 20:24:34
51,TX612,sell,SRD-BTC,15.1523,94.0641,1425.28,2025-05-02 20:24:34
52,TX613,buy,SRD-BTC,20,94.4385,1888.77,2025-05-02 20:24:34
52,TX614,buy,SRD-BTC,2,93.7746,187.549,2025-05-02 20:24:34
52,TX615,sell,SRD-BTC,7.33333,92.6639,679.535,2025-05-02 20:24:34
52,TX616,sell,SRD-BTC,4.88889,90.8897,444.35,2025-05-02 20:24:34
52,TX617,sell,SRD-BTC,3.25926,90.4025,294.645,2025-05-02 20:24:34
52,TX618,sell,SRD-BTC,2.17284,88.2285,191.706,2025-05-02 20:24:34
52,TX619,sell,SRD-BTC,1.44856,87.7636,127.131,2025-05-02 20:24:35
52,TX620,buy,SRD-BTC,20,89.1314,1782.63,2025-05-02 20:24:35
52,TX621,sell,SRD-BTC,7.63237,89.2633,681.291,2025-05-02 20:24:35
52,TX622,buy,SRD-BTC,2,89.7125,179.425,2025-05-02 20:24:35
52,TX623,sell,SRD-BTC,5.75492,89.156,513.085,2025-05-02 20:24:35
52,TX624,sell,SRD-BTC,11.5098,89.0012,1024.39,2025-05-02 20:24:35
53,TX625,buy,SRD-BTC,20,89.1871,1783.74,2025-05-02 20:24:35
53,TX626,sell,SRD-BTC,6.66667,88.4422,589.615,2025-05-02 20:24:35
53,TX627,buy,SRD-BTC,2,88.9827,177.965,2025-05-02 20:24:35
53,TX628,buy,SRD-BTC,2,91.5412,183.082,2025-05-02 20:24:35
53,TX629,sell,SRD-BTC,5.77778,90.5189,522.998,2025-05-02 20:24:35
53,TX630,sell,SRD-BTC,3.85185,89.6379,345.272,2025-05-02 20:24:35
53,TX631,sell,SRD-BTC,2.5679,87.6087,224.97,2025-05-02 20:24:35
53,TX632,sell,SRD-BTC,1.71193,86.5734,148.208,2025-05-02 20:24:35
53,TX633,sell,SRD-BTC,1.14129,83.8528,95.7003,2025-05-02 20:24:35
53,TX634,sell,SRD-BTC,0.76086,82.382,62.6811,2025-05-02 20:24:35
53,TX635,sell,SRD-BTC,0.50724,81.3365,41.2571,2025-05-02 20:24:35
53,TX636,sell,SRD-BTC,1.01448,80.6966,81.865,2025-05-02 20:24:35
54,TX637,buy,SRD-BTC,20,80.5673,1611.35,2025-05-02 20:24:35
54,TX638,sell,SRD-BTC,6.66667,78.8977,525.985,2025-05-02 20:24:35
54,TX639,sell,SRD-BTC,4.44444,78.0127,346.723,2025-05-02 20:24:36
54,TX640,sell,SRD-BTC,2.96296,75.8911,224.863,2025-05-02 20:24:36
54,TX641,sell,SRD-BTC,1.97531,74.8675,147.886,2025-05-02 20:24:36
54,TX642,sell,SRD-BTC,1.31687,73.8643,97.2699,2025-05-02 20:24:36
54,TX643,sell,SRD-BTC,0.877915,72.9241,64.0212,2025-05-02 20:24:36
54,TX644,sell,SRD-BTC,0.585277,73.2687,42.8825,2025-05-02 20:24:36
54,TX645,sell,SRD-BTC,0.390184,71.9229,28.0632,2025-05-02 20:24:36
54,TX646,sell,SRD-BTC,0.260123,72.4577,18.8479,2025-05-02 20:24:36
54,TX647,sell,SRD-BTC,0.173415,71.5531,12.4084,2025-05-02 20:24:36
54,TX648,sell,SRD-BTC,0.346831,71.3852,24.7586,2025-05-02 20:24:36
55,TX649,buy,SRD-BTC,20,71.876,1437.52,2025-05-02 20:24:36
55,TX650,sell,SRD-BTC,6.66667,71.5205,476.803,2025-05-02 20:24:36
55,TX651,sell,SRD-BTC,4.44444,71.1562,316.25,2025-05-02 20:24:36
55,TX652,buy,SRD-BTC,20,71.5528,1431.06,2025-05-02 20:24:36
55,TX653,sell,SRD-BTC,9.62963,69.8269,672.407,2025-05-02 20:24:36
55,TX654,sell,SRD-BTC,6.41975,69.3823,445.417,2025-05-02 20:24:36
55,TX655,buy,SRD-BTC,20,71.0452,1420.9,2025-05-02 20:24:36
55,TX656,sell,SRD-BTC,10.9465,68.8008,753.128,2025-05-02 20:24:37
55,TX657,sell,SRD-BTC,7.29767,68.8196,502.223,2025-05-02 20:24:37
55,TX658,buy,SRD-BTC,20,70.1536,1403.07,2025-05-02 20:24:37
55,TX659,sell,SRD-BTC,11.5318,68.7712,793.054,2025-05-02 20:24:37
55,TX660,sell,SRD-BTC,23.0636,68.498,1579.81,2025-05-02 20:24:37
56,TX661,buy,SRD-BTC,20,68.0642,1361.28,2025-05-02 20:24:37
56,TX662,sell,SRD-BTC,6.66667,67.1037,447.358,2025-05-02 20:24:37
56,TX663,buy,SRD-BTC,20,68.4701,1369.4,2025-05-02 20:24:37
56,TX664,sell,SRD-BTC,11.1111,67.9578,755.087,2025-05-02 20:24:37
56,TX665,buy,SRD-BTC,20,68.4538,1369.08,2025-05-02 20:24:37
56,TX666,sell,SRD-BTC,14.0741,68.2499,960.554,2025-05-02 20:24:37
56,TX667,buy,SRD-BTC,20,70.4819,1409.64,2025-05-02 20:24:37
56,TX668,sell,SRD-BTC,16.0494,69.8598,1121.21,2025-05-02 20:24:37
56,TX669,sell,SRD-BTC,10.6996,69.0391,738.69,2025-05-02 20:24:37
56,TX670,buy,SRD-BTC,20,68.8999,1378,2025-05-02 20:24:37
56,TX671,buy,SRD-BTC,20,69.7416,1394.83,2025-05-02 20:24:37
56,TX672,sell,SRD-BTC,61.3992,69.4956,4266.97,2025-05-02 20:24:38
57,TX673,buy,SRD-BTC,20,69.6579,1393.16,2025-05-02 20:24:38
57,TX674,sell,SRD-BTC,6.66667,68.979,459.86,2025-05-02 20:24:38
57,TX675,sell,SRD-BTC,4.44444,69.1022,307.121,2025-05-02 20:24:38
57,TX676,buy,SRD-BTC,20,70.1542,1403.08,2025-05-02 20:24:38
57,TX677,sell,SRD-BTC,9.62963,70.0479,674.535,2025-05-02 20:24:38
57,TX678,sell,SRD-BTC,6.41975,68.8673,442.111,2025-05-02 20:24:38
57,TX679,sell,SRD-BTC,4.27984,68.1293,291.582,2025-05-02 20:24:38
57,TX680,sell,SRD-BTC,2.85322,67.4152,192.351,2025-05-02 20:24:38
57,TX681,sell,SRD-BTC,1.90215,67.1531,127.735,2025-05-02 20:24:38
57,TX682,sell,SRD-BTC,1.2681,66.1267,83.8552,2025-05-02 20:24:38
57,TX683,buy,SRD-BTC,20,67.5951,1351.9,2025-05-02 20:24:38
57,TX684,sell,SRD-BTC,22.5362,67.9965,1532.38,2025-05-02 20:24:38
58,TX685,buy,SRD-BTC,20,67.8437,1356.87,2025-05-02 20:24:38
58,TX686,sell,SRD-BTC,6.66667,67.8264,452.176,2025-05-02 20:24:38
58,TX687,buy,SRD-BTC,20,68.4382,1368.76,2025-05-02 20:24:39
58,TX688,sell,SRD-BTC,11.1111,66.5691,739.657,2025-05-02 20:24:39
58,TX689,buy,SRD-BTC,20,66.8948,1337.9,2025-05-02 20:24:39
58,TX690,sell,SRD-BTC,14.0741,66.7952,940.081,2025-05-02 20:24:39
58,TX691,buy,SRD-BTC,20,65.8089,1316.18,2025-05-02 20:24:39
58,TX692,buy,SRD-BTC,20,67.4314,1348.63,2025-05-02 20:24:39
58,TX693,sell,SRD-BTC,22.716,66.7643,1516.62,2025-05-02 20:24:39
58,TX694,sell,SRD-BTC,15.144,67.0113,1014.82,2025-05-02 20:24:39
58,TX695,sell,SRD-BTC,10.096,66.1468,667.82,2025-05-02 20:24:39
58,TX696,sell,SRD-BTC,20.192,66.2334,1337.39,2025-05-02 20:24:39
59,TX697,buy,SRD-BTC,20,66.4403,1328.81,2025-05-02 20:24:39
59,TX698,sell,SRD-BTC,6.66667,65.8936,439.291,2025-05-02 20:24:39
59,TX699,sell,SRD-BTC,4.44444,64.747,287.764,2025-05-02 20:24:39
59,TX700,sell,SRD-BTC,2.96296,64.3325,190.615,2025-05-02 20:24:39
59,TX701,buy,SRD-BTC,20,66.1663,1323.33,2025-05-02 20:24:40
59,TX702,sell,SRD-BTC,8.64198,64.7747,559.781,2025-05-02 20:24:40
59,TX703,sell,SRD-BTC,5.76132,64.381,370.919,2025-05-02 20:24:40
59,TX704,sell,SRD-BTC,3.84088,64.145,246.373,2025-05-02 20:24:40
59,TX705,sell,SRD-BTC,2.56059,62.7408,160.653,2025-05-02 20:24:40
59,TX706,sell,SRD-BTC,1.70706,62.2183,106.21,2025-05-02 20:24:40
59,TX707,sell,SRD-BTC,1.13804,61.1564,69.5983,2025-05-02 20:24:40
59,TX708,sell,SRD-BTC,2.27608,61.1938,139.282,2025-05-02 20:24:40
60,TX709,buy,SRD-BTC,20,61.0876,1221.75,2025-05-02 20:24:40
60,TX710,sell,SRD-BTC,6.66667,60.1578,401.052,2025-05-02 20:24:40
60,TX711,sell,SRD-BTC,4.44444,59.7555,265.58,2025-05-02 20:24:40
60,TX712,buy,SRD-BTC,20,60.0884,1201.77,2025-05-02 20:24:40
60,TX713,sell,SRD-BTC,9.62963,59.9837,577.621,2025-05-02 20:24:40
60,TX714,buy,SRD-BTC,20,60.9056,1218.11,2025-05-02 20:24:40
60,TX715,buy,SRD-BTC,20,61.7628,1235.26,2025-05-02 20:24:40
60,TX716,sell,SRD-BTC,19.7531,61.1105,1207.12,2025-05-02 20:24:41
60,TX717,sell,SRD-BTC,13.1687,60.8815,801.732,2025-05-02 20:24:41
60,TX718,sell,SRD-BTC,8.77915,59.6373,523.565,2025-05-02 20:24:41
60,TX719,buy,SRD-BTC,20,60.8601,1217.2,2025-05-02 20:24:41
60,TX720,sell,SRD-BTC,37.5583,60.7983,2283.48,2025-05-02 20:24:41
61,TX721,buy,SRD-BTC,20,60.7761,1215.52,2025-05-02 20:24:41
61,TX722,sell,SRD-BTC,6.66667,59.6272,397.515,2025-05-02 20:24:41
61,TX723,sell,SRD-BTC,4.44444,59.5024,264.455,2025-05-02 20:24:41
61,TX724,sell,SRD-BTC,2.96296,59.7508,177.039,2025-05-02 20:24:41
61,TX725,buy,SRD-BTC,20,61.2287,1224.57,2025-05-02 20:24:41
61,TX726,buy,SRD-BTC,20,62.1885,1243.77,2025-05-02 20:24:41
61,TX727,sell,SRD-BTC,15.3086,61.7244,944.917,2025-05-02 20:24:42
61,TX728,sell,SRD-BTC,10.2058,61.5386,628.048,2025-05-02 20:24:42
61,TX729,sell,SRD-BTC,6.80384,61.0298,415.237,2025-05-02 20:24:42
61,TX730,buy,SRD-BTC,20,62.0797,1241.59,2025-05-02 20:24:42
61,TX731,sell,SRD-BTC,11.2026,61.4543,688.446,2025-05-02 20:24:42
61,TX732,sell,SRD-BTC,22.4051,61.7414,1383.32,2025-05-02 20:24:42
62,TX733,buy,SRD-BTC,20,61.9554,1239.11,2025-05-02 20:24:42
62,TX734,sell,SRD-BTC,6.66667,60.8949,405.966,2025-05-02 20:24:42
62,TX735,sell,SRD-BTC,4.44444,60.0255,266.78,2025-05-02 20:24:42
62,TX736,buy,SRD-BTC,20,60.572,1211.44,2025-05-02 20:24:42
62,TX737,sell,SRD-BTC,9.62963,59.7688,575.551,2025-05-02 20:24:42
62,TX738,sell,SRD-BTC,6.41975,59.7848,383.804,2025-05-02 20:24:42
62,TX739,sell,SRD-BTC,4.27984,59.4024,254.232,2025-05-02 20:24:42
62,TX740,buy,SRD-BTC,20,61.272,1225.44,2025-05-02 20:24:43
62,TX741,sell,SRD-BTC,9.51989,60.3837,574.846,2025-05-02 20:24:43
62,TX742,sell,SRD-BTC,6.34659,58.4434,370.917,2025-05-02 20:24:43
62,TX743,sell,SRD-BTC,4.23106,58.1088,245.862,2025-05-02 20:24:43
62,TX744,sell,SRD-BTC,8.46212,58.1237,491.85,2025-05-02 20:24:43
63,TX745,buy,SRD-BTC,20,57.73,1154.6,2025-05-02 20:24:43
63,TX746,sell,SRD-BTC,6.66667,58.0134,386.756,2025-05-02 20:24:43
63,TX747,buy,SRD-BTC,20,59.1555,1183.11,2025-05-02 20:24:43
63,TX748,sell,SRD-BTC,11.1111,58.3093,647.881,2025-05-02 20:24:43
63,TX749,sell,SRD-BTC,7.40741,57.9742,429.439,2025-05-02 20:24:43
63,TX750,sell,SRD-BTC,4.93827,58.4589,288.686,2025-05-02 20:24:43
63,TX751,buy,SRD-BTC,20,59.1811,1183.62,2025-05-02 20:24:43
63,TX752,sell,SRD-BTC,9.95885,59.7346,594.888,2025-05-02 20:24:43
63,TX753,buy,SRD-BTC,20,60.7037,1214.07,2025-05-02 20:24:43
63,TX754,sell,SRD-BTC,13.3059,59.2198,787.973,2025-05-02 20:24:44
63,TX755,sell,SRD-BTC,8.8706,58.1019,515.399,2025-05-02 20:24:44
63,TX756,sell,SRD-BTC,17.7412,58.185,1032.27,2025-05-02 20:24:44
64,TX757,buy,SRD-BTC,20,58.2981,1165.96,2025-05-02 20:24:44
64,TX758,buy,SRD-BTC,20,59.1053,1182.11,2025-05-02 20:24:44
64,TX759,sell,SRD-BTC,13.3333,59.423,792.307,2025-05-02 20:24:44
64,TX760,buy,SRD-BTC,20,58.9862,1179.72,2025-05-02 20:24:44
64,TX761,sell,SRD-BTC,15.5556,58.4899,909.843,2025-05-02 20:24:44
64,TX762,sell,SRD-BTC,10.3704,58.0873,602.387,2025-05-02 20:24:44
64,TX763,buy,SRD-BTC,20,58.6418,1172.84,2025-05-02 20:24:44
64,TX764,sell,SRD-BTC,13.5802,58.5827,795.568,2025-05-02 20:24:44
64,TX765,sell,SRD-BTC,9.0535,58.3068,527.88,2025-05-02 20:24:44
64,TX766,buy,SRD-BTC,20,59.6889,1193.78,2025-05-02 20:24:44
64,TX767,sell,SRD-BTC,12.7023,59.419,754.76,2025-05-02 20:24:44
64,TX768,sell,SRD-BTC,25.4047,59.7581,1518.13,2025-05-02 20:24:44
65,TX769,buy,SRD-BTC,20,59.6541,1193.08,2025-05-02 20:24:45
65,TX770,buy,SRD-BTC,20,60.6035,1212.07,2025-05-02 20:24:45
65,TX771,buy,SRD-BTC,20,62.7256,1254.51,2025-05-02 20:24:45
65,TX772,sell,SRD-BTC,20,61.8169,1236.34,2025-05-02 20:24:45
65,TX773,buy,SRD-BTC,20,62.6683,1253.37,2025-05-02 20:24:45
65,TX774,sell,SRD-BTC,20,62.363,1247.26,2025-05-02 20:24:45
65,TX775,sell,SRD-BTC,13.3333,62.0695,827.593,2025-05-02 20:24:45
65,TX776,sell,SRD-BTC,8.88889,61.0641,542.792,2025-05-02 20:24:45
65,TX777,buy,SRD-BTC,20,60.718,1214.36,2025-05-02 20:24:45
65,TX778,sell,SRD-BTC,12.5926,60.0657,756.383,2025-05-02 20:24:46
65,TX779,sell,SRD-BTC,8.39506,59.246,497.374,2025-05-02 20:24:46
65,TX780,sell,SRD-BTC,16.7901,59.1292,992.787,2025-05-02 20:24:46
66,TX781,buy,SRD-BTC,20,58.8469,1176.94,2025-05-02 20:24:46
66,TX782,sell,SRD-BTC,6.66667,58.2545,388.363,2025-05-02 20:24:46
66,TX783,sell,SRD-BTC,4.44444,57.747,256.653,2025-05-02 20:24:46
66,TX784,sell,SRD-BTC,2.96296,58.2972,172.732,2025-05-02 20:24:46
66,TX785,buy,SRD-BTC,20,58.816,1176.32,2025-05-02 20:24:47
66,TX786,sell,SRD-BTC,8.64198,57.9239,500.577,2025-05-02 20:24:47
66,TX787,sell,SRD-BTC,5.76132,58.5997,337.611,2025-05-02 20:24:47
66,TX788,sell,SRD-BTC,3.84088,58.6332,225.203,2025-05-02 20:24:47
66,TX789,sell,SRD-BTC,2.56059,58.2085,149.048,2025-05-02 20:24:47
66,TX790,buy,SRD-BTC,20,59.1284,1182.57,2025-05-02 20:24:47
66,TX791,sell,SRD-BTC,8.37372,58.9441,493.582,2025-05-02 20:24:47
66,TX792,sell,SRD-BTC,16.7474,58.9298,986.924,2025-05-02 20:24:47
67,TX793,buy,SRD-BTC,20,59.0255,1180.51,2025-05-02 20:24:47
67,TX794,sell,SRD-BTC,6.66667,57.8729,385.819,2025-05-02 20:24:47
67,TX795,sell,SRD-BTC,4.44444,57.4413,255.295,2025-05-02 20:24:47
67,TX796,buy,SRD-BTC,20,58.7253,1174.51,2025-05-02 20:24:47
67,TX797,sell,SRD-BTC,9.62963,57.5002,553.706,2025-05-02 20:24:47
67,TX798,buy,SRD-BTC,20,58.8964,1177.93,2025-05-02 20:24:48
67,TX799,sell,SRD-BTC,13.0864,58.737,768.657,2025-05-02 20:24:48
67,TX800,sell,SRD-BTC,8.72428,58.1045,506.92,2025-05-02 20:24:48
67,TX801,sell,SRD-BTC,5.81619,57.824,336.315,2025-05-02 20:24:48
67,TX802,buy,SRD-BTC,20,58.3151,1166.3,2025-05-02 20:24:48
67,TX803,sell,SRD-BTC,10.5441,58.6686,618.609,2025-05-02 20:24:48
67,TX804,sell,SRD-BTC,21.0882,58.3161,1229.78,2025-05-02 20:24:48
68,TX805,buy,SRD-BTC,20,58.6512,1173.02,2025-05-02 20:24:48
68,TX806,buy,SRD-BTC,20,59.5636,1191.27,2025-05-02 20:24:48
68,TX807,buy,SRD-BTC,20,60.5518,1211.04,2025-05-02 20:24:48
68,TX808,sell,SRD-BTC,20,60.0147,1200.29,2025-05-02 20:24:48
68,TX809,buy,SRD-BTC,20,60.1363,1202.73,2025-05-02 20:24:48
68,TX810,buy,SRD-BTC,20,61.1543,1223.09,2025-05-02 20:24:49
68,TX811,sell,SRD-BTC,26.6667,60.9298,1624.79,2025-05-02 20:24:49
68,TX812,buy,SRD-BTC,20,61.0235,1220.47,2025-05-02 20:24:49
68,TX813,sell,SRD-BTC,24.4444,60.0754,1468.51,2025-05-02 20:24:49
68,TX814,buy,SRD-BTC,20,60.4393,1208.79,2025-05-02 20:24:49
68,TX815,sell,SRD-BTC,22.963,59.2285,1360.06,2025-05-02 20:24:49
68,TX816,sell,SRD-BTC,45.9259,59.2123,2719.38,2025-05-02 20:24:49
69,TX817,buy,SRD-BTC,20,59.4067,1188.13,2025-05-02 20:24:49
69,TX818,buy,SRD-BTC,20,60.4837,1209.67,2025-05-02 20:24:49
69,TX819,sell,SRD-BTC,13.3333,60.0074,800.099,2025-05-02 20:24:49
69,TX820,sell,SRD-BTC,8.88889,58.2706,517.961,2025-05-02 20:24:49
69,TX821,buy,SRD-BTC,20,58.7796,1175.59,2025-05-02 20:24:49
69,TX822,sell,SRD-BTC,12.5926,58.1215,731.9,2025-05-02 20:24:49
69,TX823,buy,SRD-BTC,20,57.9241,1158.48,2025-05-02 20:24:49
69,TX824,sell,SRD-BTC,15.0617,57.2013,861.55,2025-05-02 20:24:49
69,TX825,buy,SRD-BTC,20,58.9652,1179.3,2025-05-02 20:24:50
69,TX826,sell,SRD-BTC,16.7078,57.782,965.411,2025-05-02 20:24:50
69,TX827,buy,SRD-BTC,20,59.3055,1186.11,2025-05-02 20:24:50
69,TX828,sell,SRD-BTC,53.4156,59.184,3161.35,2025-05-02 20:24:50
70,TX829,buy,SRD-BTC,20,58.8476,1176.95,2025-05-02 20:24:50
70,TX830,sell,SRD-BTC,6.66667,58.9526,393.017,2025-05-02 20:24:50
70,TX831,sell,SRD-BTC,4.44444,58.0692,258.085,2025-05-02 20:24:50
70,TX832,sell,SRD-BTC,2.96296,57.3327,169.875,2025-05-02 20:24:50
70,TX833,sell,SRD-BTC,1.97531,56.7272,112.054,2025-05-02 20:24:50
70,TX834,sell,SRD-BTC,1.31687,55.7083,73.3607,2025-05-02 20:24:50
70,TX835,sell,SRD-BTC,0.877915,55.4962,48.7209,2025-05-02 20:24:50
70,TX836,sell,SRD-BTC,0.585277,55.0822,32.2383,2025-05-02 20:24:50
70,TX837,sell,SRD-BTC,0.390184,55.0659,21.4859,2025-05-02 20:24:50
70,TX838,sell,SRD-BTC,0.260123,54.8134,14.2582,2025-05-02 20:24:50
70,TX839,buy,SRD-BTC,20,55.6191,1112.38,2025-05-02 20:24:50
70,TX840,sell,SRD-BTC,20.5202,55.2282,1133.3,2025-05-02 20:24:50
71,TX841,buy,SRD-BTC,20,55.2654,1105.31,2025-05-02 20:24:50
71,TX842,sell,SRD-BTC,6.66667,53.9376,359.584,2025-05-02 20:24:50
71,TX843,buy,SRD-BTC,20,54.3568,1087.14,2025-05-02 20:24:50
71,TX844,sell,SRD-BTC,11.1111,53.8046,597.829,2025-05-02 20:24:51
71,TX845,sell,SRD-BTC,7.40741,53.2449,394.407,2025-05-02 20:24:51
71,TX846,sell,SRD-BTC,4.93827,51.1981,252.83,2025-05-02 20:24:51
71,TX847,sell,SRD-BTC,3.29218,50.634,166.696,2025-05-02 20:24:51
71,TX848,sell,SRD-BTC,2.19479,50.837,111.576,2025-05-02 20:24:51
71,TX849,sell,SRD-BTC,1.46319,51.1112,74.7855,2025-05-02 20:24:51
71,TX850,buy,SRD-BTC,20,51.5802,1031.6,2025-05-02 20:24:51
71,TX851,sell,SRD-BTC,7.64213,51.3196,392.191,2025-05-02 20:24:51
71,TX852,sell,SRD-BTC,15.2843,51.1233,781.382,2025-05-02 20:24:51
72,TX853,buy,SRD-BTC,20,51.0851,1021.7,2025-05-02 20:24:51
72,TX854,sell,SRD-BTC,6.66667,49.8984,332.656,2025-05-02 20:24:51
72,TX855,sell,SRD-BTC,4.44444,48.1629,214.057,2025-05-02 20:24:52
72,TX856,sell,SRD-BTC,2.96296,47.9952,142.208,2025-05-02 20:24:52
72,TX857,sell,SRD-BTC,1.97531,47.4559,93.74,2025-05-02 20:24:52
72,TX858,sell,SRD-BTC,1.31687,47.2401,62.2092,2025-05-02 20:24:52
72,TX859,sell,SRD-BTC,0.877915,46.6001,40.9109,2025-05-02 20:24:52
72,TX860,sell,SRD-BTC,0.585277,46.4822,27.2049,2025-05-02 20:24:52
72,TX861,buy,SRD-BTC,20,47.4086,948.172,2025-05-02 20:24:52
72,TX862,buy,SRD-BTC,20,48.5469,970.938,2025-05-02 20:24:52
72,TX863,sell,SRD-BTC,13.7235,49.1131,674.004,2025-05-02 20:24:52
72,TX864,sell,SRD-BTC,27.447,49.1532,1349.11,2025-05-02 20:24:52
73,TX865,buy,SRD-BTC,20,48.7646,975.292,2025-05-02 20:24:52
73,TX866,sell,SRD-BTC,6.66667,48.2171,321.447,2025-05-02 20:24:53
73,TX867,buy,SRD-BTC,20,48.6029,972.058,2025-05-02 20:24:53
73,TX868,buy,SRD-BTC,20,49.2885,985.77,2025-05-02 20:24:53
73,TX869,sell,SRD-BTC,17.7778,48.9572,870.35,2025-05-02 20:24:53
73,TX870,sell,SRD-BTC,11.8519,48.3205,572.687,2025-05-02 20:24:53
73,TX871,sell,SRD-BTC,7.90123,47.8562,378.123,2025-05-02 20:24:53
73,TX872,buy,SRD-BTC,20,48.2576,965.152,2025-05-02 20:24:53
73,TX873,sell,SRD-BTC,11.9342,47.6541,568.711,2025-05-02 20:24:53
73,TX874,sell,SRD-BTC,7.9561,46.4026,369.184,2025-05-02 20:24:53
73,TX875,sell,SRD-BTC,5.30407,45.6754,242.265,2025-05-02 20:24:53
73,TX876,sell,SRD-BTC,10.6081,45.9098,487.018,2025-05-02 20:24:53
74,TX877,buy,SRD-BTC,20,46.0482,920.964,2025-05-02 20:24:53
74,TX878,buy,SRD-BTC,20,46.6537,933.074,2025-05-02 20:24:53
74,TX879,sell,SRD-BTC,13.3333,46.1731,615.641,2025-05-02 20:24:53
74,TX880,sell,SRD-BTC,8.88889,45.8172,407.264,2025-05-02 20:24:53
74,TX881,sell,SRD-BTC,5.92593,45.699,270.809,2025-05-02 20:24:53
74,TX882,sell,SRD-BTC,3.95062,45.2108,178.611,2025-05-02 20:24:53
74,TX883,sell,SRD-BTC,2.63374,44.7383,117.829,2025-05-02 20:24:54
74,TX884,sell,SRD-BTC,1.75583,45.3818,79.6827,2025-05-02 20:24:54
74,TX885,sell,SRD-BTC,1.17055,45.1131,52.8073,2025-05-02 20:24:54
74,TX886,sell,SRD-BTC,0.780369,44.8418,34.9931,2025-05-02 20:24:54
74,TX887,sell,SRD-BTC,0.520246,43.7382,22.7546,2025-05-02 20:24:54
74,TX888,sell,SRD-BTC,1.04049,43.991,45.7723,2025-05-02 20:24:54
75,TX889,buy,SRD-BTC,20,43.9638,879.276,2025-05-02 20:24:54
75,TX890,sell,SRD-BTC,6.66667,43.7916,291.944,2025-05-02 20:24:54
75,TX891,buy,SRD-BTC,20,44.561,891.22,2025-05-02 20:24:54
75,TX892,buy,SRD-BTC,20,45.3155,906.31,2025-05-02 20:24:54
75,TX893,sell,SRD-BTC,17.7778,45.1687,802.999,2025-05-02 20:24:54
75,TX894,sell,SRD-BTC,11.8519,45.3539,537.528,2025-05-02 20:24:54
75,TX895,buy,SRD-BTC,20,45.3841,907.682,2025-05-02 20:24:54
75,TX896,buy,SRD-BTC,20,48.119,962.38,2025-05-02 20:24:55
75,TX897,sell,SRD-BTC,21.2346,48.136,1022.15,2025-05-02 20:24:55
75,TX898,sell,SRD-BTC,14.1564,47.8387,677.223,2025-05-02 20:24:55
75,TX899,sell,SRD-BTC,9.43759,46.8796,442.43,2025-05-02 20:24:55
75,TX900,sell,SRD-BTC,18.8752,46.9795,886.746,2025-05-02 20:24:55
76,TX901,buy,SRD-BTC,20,47.1772,943.544,2025-05-02 20:24:55
76,TX902,sell,SRD-BTC,6.66667,47.2495,314.997,2025-05-02 20:24:55
76,TX903,sell,SRD-BTC,4.44444,46.7395,207.731,2025-05-02 20:24:55
76,TX904,sell,SRD-BTC,2.96296,46.9828,139.208,2025-05-02 20:24:55
76,TX905,sell,SRD-BTC,1.97531,46.1796,91.219,2025-05-02 20:24:55
76,TX906,sell,SRD-BTC,1.31687,44.7738,58.9614,2025-05-02 20:24:56
76,TX907,sell,SRD-BTC,0.877915,44.56,39.1199,2025-05-02 20:24:56
76,TX908,sell,SRD-BTC,0.585277,44.7425,26.1867,2025-05-02 20:24:56
76,TX909,sell,SRD-BTC,0.390184,44.5012,17.3637,2025-05-02 20:24:56
76,TX910,sell,SRD-BTC,0.260123,44.9402,11.69,2025-05-02 20:24:56
76,TX911,sell,SRD-BTC,0.173415,45.4541,7.88244,2025-05-02 20:24:56
76,TX912,sell,SRD-BTC,0.346831,45.4363,15.7587,2025-05-02 20:24:56
77,TX913,buy,SRD-BTC,20,45.5624,911.248,2025-05-02 20:24:56
77,TX914,sell,SRD-BTC,6.66667,44.0096,293.397,2025-05-02 20:24:56
77,TX915,sell,SRD-BTC,4.44444,43.5209,193.426,2025-05-02 20:24:56
77,TX916,sell,SRD-BTC,2.96296,43.4418,128.716,2025-05-02 20:24:57
77,TX917,buy,SRD-BTC,20,44.2783,885.566,2025-05-02 20:24:57
77,TX918,sell,SRD-BTC,8.64198,43.6332,377.077,2025-05-02 20:24:57
77,TX919,buy,SRD-BTC,20,44.683,893.66,2025-05-02 20:24:57
77,TX920,sell,SRD-BTC,12.428,44.2427,549.848,2025-05-02 20:24:57
77,TX921,sell,SRD-BTC,8.28532,43.6066,361.295,2025-05-02 20:24:57
77,TX922,buy,SRD-BTC,20,44.4251,888.502,2025-05-02 20:24:57
77,TX923,sell,SRD-BTC,12.1902,43.9243,535.447,2025-05-02 20:24:57
77,TX924,sell,SRD-BTC,24.3804,44.1544,1076.5,2025-05-02 20:24:57
78,TX925,buy,SRD-BTC,20,44.2731,885.462,2025-05-02 20:24:57
78,TX926,sell,SRD-BTC,6.66667,43.5093,290.062,2025-05-02 20:24:57
78,TX927,buy,SRD-BTC,20,43.2401,864.802,2025-05-02 20:24:58
78,TX928,sell,SRD-BTC,11.1111,43.0728,478.587,2025-05-02 20:24:58
78,TX929,sell,SRD-BTC,7.40741,42.6341,315.808,2025-05-02 20:24:58
78,TX930,sell,SRD-BTC,4.93827,42.2023,208.406,2025-05-02 20:24:58
78,TX931,sell,SRD-BTC,3.29218,41.8406,137.747,2025-05-02 20:24:58
78,TX932,sell,SRD-BTC,2.19479,41.6266,91.3615,2025-05-02 20:24:58
78,TX933,sell,SRD-BTC,1.46319,41.9762,61.4192,2025-05-02 20:24:58
78,TX934,buy,SRD-BTC,20,41.7832,835.664,2025-05-02 20:24:58
78,TX935,sell,SRD-BTC,7.64213,41.5951,317.875,2025-05-02 20:24:58
78,TX936,sell,SRD-BTC,15.2843,41.5788,635.501,2025-05-02 20:24:58
79,TX937,buy,SRD-BTC,20,41.8004,836.008,2025-05-02 20:24:59
79,TX938,sell,SRD-BTC,6.66667,41.8782,279.188,2025-05-02 20:24:59
79,TX939,sell,SRD-BTC,4.44444,41.8377,185.945,2025-05-02 20:24:59
79,TX940,sell,SRD-BTC,2.96296,41.5433,123.091,2025-05-02 20:24:59
79,TX941,sell,SRD-BTC,1.97531,41.1075,81.2,2025-05-02 20:24:59
79,TX942,sell,SRD-BTC,1.31687,40.2945,53.0627,2025-05-02 20:24:59
79,TX943,sell,SRD-BTC,0.877915,39.7352,34.8841,2025-05-02 20:24:59
79,TX944,sell,SRD-BTC,0.585277,39.1884,22.9361,2025-05-02 20:24:59
79,TX945,buy,SRD-BTC,20,38.8882,777.764,2025-05-02 20:24:59
79,TX946,buy,SRD-BTC,20,39.3646,787.292,2025-05-02 20:24:59
79,TX947,buy,SRD-BTC,20,40.0068,800.136,2025-05-02 20:24:59
79,TX948,sell,SRD-BTC,61.1706,40.158,2456.49,2025-05-02 20:24:59
80,TX949,buy,SRD-BTC,20,40.5511,811.022,2025-05-02 20:24:59
80,TX950,sell,SRD-BTC,6.66667,40.1278,267.519,2025-05-02 20:24:59
80,TX951,buy,SRD-BTC,20,40.9626,819.252,2025-05-02 20:24:59
80,TX952,sell,SRD-BTC,11.1111,40.4863,449.848,2025-05-02 20:24:59
80,TX953,sell,SRD-BTC,7.40741,40.4675,299.759,2025-05-02 20:25:00
80,TX954,sell,SRD-BTC,4.93827,40.0541,197.798,2025-05-02 20:25:00
80,TX955,sell,SRD-BTC,3.29218,39.9015,131.363,2025-05-02 20:25:00
80,TX956,buy,SRD-BTC,20,40.4313,808.626,2025-05-02 20:25:00
80,TX957,sell,SRD-BTC,8.86145,39.8971,353.546,2025-05-02 20:25:00
80,TX958,buy,SRD-BTC,20,40.4367,808.734,2025-05-02 20:25:00
80,TX959,buy,SRD-BTC,20,41.8402,836.804,2025-05-02 20:25:00
80,TX960,sell,SRD-BTC,57.7229,41.7503,2409.95,2025-05-02 20:25:00
81,TX961,buy,SRD-BTC,20,41.9099,838.198,2025-05-02 20:25:00
81,TX962,sell,SRD-BTC,6.66667,41.433,276.22,2025-05-02 20:25:00
81,TX963,buy,SRD-BTC,20,41.7502,835.004,2025-05-02 20:25:00
81,TX964,sell,SRD-BTC,11.1111,40.8361,453.734,2025-05-02 20:25:00
81,TX965,sell,SRD-BTC,7.40741,41.0148,303.813,2025-05-02 20:25:00
81,TX966,buy,SRD-BTC,20,41.396,827.92,2025-05-02 20:25:00
81,TX967,sell,SRD-BTC,11.6049,41.181,477.903,2025-05-02 20:25:01
81,TX968,buy,SRD-BTC,20,41.1765,823.53,2025-05-02 20:25:01
81,TX969,sell,SRD-BTC,14.4033,40.4114,582.057,2025-05-02 20:25:01
81,TX970,sell,SRD-BTC,9.60219,39.7849,382.022,2025-05-02 20:25:01
81,TX971,buy,SRD-BTC,20,40.3841,807.682,2025-05-02 20:25:01
81,TX972,sell,SRD-BTC,39.2044,40.4443,1585.59,2025-05-02 20:25:01
82,TX973,buy,SRD-BTC,20,40.6056,812.112,2025-05-02 20:25:01
82,TX974,sell,SRD-BTC,6.66667,39.9828,266.552,2025-05-02 20:25:01
82,TX975,sell,SRD-BTC,4.44444,39.4348,175.266,2025-05-02 20:25:01
82,TX976,sell,SRD-BTC,2.96296,39.2539,116.308,2025-05-02 20:25:02
82,TX977,sell,SRD-BTC,1.97531,38.4761,76.0022,2025-05-02 20:25:02
82,TX978,sell,SRD-BTC,1.31687,38.1029,50.1767,2025-05-02 20:25:02
82,TX979,sell,SRD-BTC,0.877915,37.3079,32.7532,2025-05-02 20:25:02
82,TX980,sell,SRD-BTC,0.585277,36.8858,21.5884,2025-05-02 20:25:02
82,TX981,buy,SRD-BTC,20,36.8557,737.114,2025-05-02 20:25:02
82,TX982,sell,SRD-BTC,7.05685,36.0979,254.738,2025-05-02 20:25:02
82,TX983,buy,SRD-BTC,20,36.8498,736.996,2025-05-02 20:25:02
82,TX984,sell,SRD-BTC,34.1137,36.8321,1256.48,2025-05-02 20:25:02
83,TX985,buy,SRD-BTC,20,36.4758,729.516,2025-05-02 20:25:02
83,TX986,sell,SRD-BTC,6.66667,36.5111,243.407,2025-05-02 20:25:02
83,TX987,sell,SRD-BTC,4.44444,36.077,160.342,2025-05-02 20:25:02
83,TX988,buy,SRD-BTC,20,36.9875,739.75,2025-05-02 20:25:02
83,TX989,sell,SRD-BTC,9.62963,36.4131,350.645,2025-05-02 20:25:03
83,TX990,sell,SRD-BTC,6.41975,36.0138,231.2,2025-05-02 20:25:03
83,TX991,buy,SRD-BTC,20,35.7794,715.588,2025-05-02 20:25:03
83,TX992,buy,SRD-BTC,20,36.4932,729.864,2025-05-02 20:25:03
83,TX993,buy,SRD-BTC,20,37.2831,745.662,2025-05-02 20:25:03
83,TX994,sell,SRD-BTC,24.2798,37.058,899.762,2025-05-02 20:25:03
83,TX995,buy,SRD-BTC,20,37.1182,742.364,2025-05-02 20:25:03
83,TX996,sell,SRD-BTC,68.5597,37.0887,2542.79,2025-05-02 20:25:03
84,TX997,buy,SRD-BTC,20,37.0086,740.172,2025-05-02 20:25:03
84,TX998,sell,SRD-BTC,6.66667,36.9042,246.028,2025-05-02 20:25:03
84,TX999,sell,SRD-BTC,4.44444,36.4449,161.977,2025-05-02 20:25:03
84,TX1000,buy,SRD-BTC,20,37.5064,750.128,2025-05-02 20:25:03
84,TX1001,sell,SRD-BTC,9.62963,35.7129,343.902,2025-05-02 20:25:04
84,TX1002,sell,SRD-BTC,6.41975,35.4584,227.634,2025-05-02 20:25:04
84,TX1003,buy,SRD-BTC,20,36.1497,722.994,2025-05-02 20:25:04
84,TX1004,sell,SRD-BTC,10.9465,35.5011,388.613,2025-05-02 20:25:04
84,TX1005,sell,SRD-BTC,7.29767,34.7366,253.496,2025-05-02 20:25:04
84,TX1006,sell,SRD-BTC,4.86511,34.0821,165.813,2025-05-02 20:25:04
84,TX1007,buy,SRD-BTC,20,34.2344,684.688,2025-05-02 20:25:04
84,TX1008,sell,SRD-BTC,29.7302,34.2099,1017.07,2025-05-02 20:25:04
85,TX1009,buy,SRD-BTC,20,34.1012,682.024,2025-05-02 20:25:04
85,TX1010,buy,SRD-BTC,20,34.493,689.86,2025-05-02 20:25:04
85,TX1011,sell,SRD-BTC,13.3333,33.9733,452.977,2025-05-02 20:25:04
85,TX1012,buy,SRD-BTC,20,34.0322,680.644,2025-05-02 20:25:05
85,TX1013,sell,SRD-BTC,15.5556,33.4839,520.861,2025-05-02 20:25:05
85,TX1014,sell,SRD-BTC,10.3704,33.3629,345.986,2025-05-02 20:25:05
85,TX1015,sell,SRD-BTC,6.91358,33.8275,233.869,2025-05-02 20:25:05
85,TX1016,sell,SRD-BTC,4.60905,33.3505,153.714,2025-05-02 20:25:05
85,TX1017,buy,SRD-BTC,20,34.142,682.84,2025-05-02 20:25:05
85,TX1018,buy,SRD-BTC,20,34.3854,687.708,2025-05-02 20:25:05
85,TX1019,sell,SRD-BTC,16.406,34.4734,565.572,2025-05-02 20:25:05
85,TX1020,sell,SRD-BTC,32.8121,34.3843,1128.22,2025-05-02 20:25:05
86,TX1021,buy,SRD-BTC,20,34.2761,685.522,2025-05-02 20:25:05
86,TX1022,sell,SRD-BTC,6.66667,34.8711,232.474,2025-05-02 20:25:05
86,TX1023,sell,SRD-BTC,4.44444,34.7559,154.471,2025-05-02 20:25:05
86,TX1024,buy,SRD-BTC,20,35.3034,706.068,2025-05-02 20:25:06
86,TX1025,sell,SRD-BTC,9.62963,35.037,337.393,2025-05-02 20:25:06
86,TX1026,sell,SRD-BTC,6.41975,34.7068,222.809,2025-05-02 20:25:06
86,TX1027,buy,SRD-BTC,20,35.1232,702.464,2025-05-02 20:25:03
86,TX1028,sell,SRD-BTC,10.9465,34.6185,378.951,2025-05-02 20:25:04
86,TX1029,buy,SRD-BTC,20,35.5657,711.314,2025-05-02 20:25:04
86,TX1030,sell,SRD-BTC,13.9643,35.8158,500.144,2025-05-02 20:25:04
86,TX1031,buy,SRD-BTC,20,36.5351,730.702,2025-05-02 20:25:04
86,TX1032,sell,SRD-BTC,47.9287,36.5152,1750.12,2025-05-02 20:25:04
87,TX1033,buy,SRD-BTC,20,36.5901,731.802,2025-05-02 20:25:04
87,TX1034,buy,SRD-BTC,20,37.2011,744.022,2025-05-02 20:25:04
87,TX1035,sell,SRD-BTC,13.3333,36.6372,488.496,2025-05-02 20:25:04
87,TX1036,sell,SRD-BTC,8.88889,35.7562,317.833,2025-05-02 20:25:04
87,TX1037,buy,SRD-BTC,20,36.1298,722.596,2025-05-02 20:25:04
87,TX1038,buy,SRD-BTC,20,36.372,727.44,2025-05-02 20:25:04
87,TX1039,sell,SRD-BTC,19.2593,36.2419,697.992,2025-05-02 20:25:04
87,TX1040,buy,SRD-BTC,20,36.8507,737.014,2025-05-02 20:25:04
87,TX1041,buy,SRD-BTC,20,37.4453,748.906,2025-05-02 20:25:05
87,TX1042,sell,SRD-BTC,26.1728,37.2788,975.692,2025-05-02 20:25:05
87,TX1043,sell,SRD-BTC,17.4486,37.4199,652.923,2025-05-02 20:25:05
87,TX1044,sell,SRD-BTC,34.8971,37.3927,1304.9,2025-05-02 20:25:05
88,TX1045,buy,SRD-BTC,20,37.1508,743.016,2025-05-02 20:25:05
88,TX1046,sell,SRD-BTC,6.66667,36.8771,245.847,2025-05-02 20:25:05
88,TX1047,buy,SRD-BTC,20,37.3008,746.016,2025-05-02 20:25:05
88,TX1048,buy,SRD-BTC,20,37.0828,741.656,2025-05-02 20:25:05
88,TX1049,sell,SRD-BTC,17.7778,36.6628,651.783,2025-05-02 20:25:06
88,TX1050,buy,SRD-BTC,20,36.7464,734.928,2025-05-02 20:25:06
88,TX1051,sell,SRD-BTC,18.5185,36.5199,676.294,2025-05-02 20:25:06
88,TX1052,buy,SRD-BTC,20,37.37,747.4,2025-05-02 20:25:06
88,TX1053,buy,SRD-BTC,20,37.5936,751.872,2025-05-02 20:25:06
88,TX1054,buy,SRD-BTC,20,37.7512,755.024,2025-05-02 20:25:06
88,TX1055,sell,SRD-BTC,32.3457,37.1489,1201.61,2025-05-02 20:25:06
88,TX1056,sell,SRD-BTC,64.6914,37.1186,2401.25,2025-05-02 20:25:06
89,TX1057,buy,SRD-BTC,20,37.1835,743.67,2025-05-02 20:25:06
89,TX1058,buy,SRD-BTC,20,38.0847,761.694,2025-05-02 20:25:06
89,TX1059,sell,SRD-BTC,13.3333,37.5695,500.927,2025-05-02 20:25:06
89,TX1060,sell,SRD-BTC,8.88889,37.429,332.702,2025-05-02 20:25:07
89,TX1061,sell,SRD-BTC,5.92593,36.5597,216.65,2025-05-02 20:25:07
89,TX1062,sell,SRD-BTC,3.95062,36.2399,143.17,2025-05-02 20:25:07
89,TX1063,sell,SRD-BTC,2.63374,35.8843,94.5101,2025-05-02 20:25:07
89,TX1064,sell,SRD-BTC,1.75583,35.6599,62.6127,2025-05-02 20:25:07
89,TX1065,sell,SRD-BTC,1.17055,35.1898,41.1915,2025-05-02 20:25:07
89,TX1066,sell,SRD-BTC,0.780369,34.6874,27.069,2025-05-02 20:25:07
89,TX1067,sell,SRD-BTC,0.520246,34.5846,17.9925,2025-05-02 20:25:07
89,TX1068,sell,SRD-BTC,1.04049,34.5238,35.9217,2025-05-02 20:25:07
90,TX1069,buy,SRD-BTC,20,34.4367,688.734,2025-05-02 20:25:07
90,TX1070,sell,SRD-BTC,6.66667,33.6808,224.539,2025-05-02 20:25:07
90,TX1071,sell,SRD-BTC,4.44444,33.2645,147.842,2025-05-02 20:25:07
90,TX1072,buy,SRD-BTC,20,34.2649,685.298,2025-05-02 20:25:07
90,TX1073,buy,SRD-BTC,20,34.8286,696.572,2025-05-02 20:25:07
90,TX1074,buy,SRD-BTC,20,35.6673,713.346,2025-05-02 20:25:08
90,TX1075,sell,SRD-BTC,22.963,36.1967,831.183,2025-05-02 20:25:08
90,TX1076,buy,SRD-BTC,20,37.2231,744.462,2025-05-02 20:25:08
90,TX1077,sell,SRD-BTC,21.9753,36.6311,804.98,2025-05-02 20:25:09
90,TX1078,sell,SRD-BTC,14.6502,36.2634,531.266,2025-05-02 20:25:09
90,TX1079,sell,SRD-BTC,9.7668,35.8958,350.587,2025-05-02 20:25:09
90,TX1080,sell,SRD-BTC,19.5336,35.9828,702.874,2025-05-02 20:25:09
91,TX1081,buy,SRD-BTC,20,36.144,722.88,2025-05-02 20:25:09
91,TX1082,sell,SRD-BTC,6.66667,35.9105,239.403,2025-05-02 20:25:09
91,TX1083,sell,SRD-BTC,4.44444,35.8104,159.157,2025-05-02 20:25:09
91,TX1084,sell,SRD-BTC,2.96296,35.3254,104.668,2025-05-02 20:25:09
91,TX1085,buy,SRD-BTC,20,35.4433,708.866,2025-05-02 20:25:09
91,TX1086,sell,SRD-BTC,8.64198,35.1884,304.097,2025-05-02 20:25:09
91,TX1087,sell,SRD-BTC,5.76132,34.4992,198.761,2025-05-02 20:25:10
91,TX1088,sell,SRD-BTC,3.84088,34.489,132.468,2025-05-02 20:25:10
91,TX1089,sell,SRD-BTC,2.56059,33.8422,86.6558,2025-05-02 20:25:10
91,TX1090,buy,SRD-BTC,20,34.3496,686.992,2025-05-02 20:25:10
91,TX1091,buy,SRD-BTC,20,35.2786,705.572,2025-05-02 20:25:10
91,TX1092,sell,SRD-BTC,45.1212,35.3284,1594.06,2025-05-02 20:25:10
92,TX1093,buy,SRD-BTC,20,35.0695,701.39,2025-05-02 20:25:10
92,TX1094,sell,SRD-BTC,6.66667,34.4264,229.509,2025-05-02 20:25:10
92,TX1095,buy,SRD-BTC,20,34.5374,690.748,2025-05-02 20:25:11
92,TX1096,sell,SRD-BTC,11.1111,34.1413,379.348,2025-05-02 20:25:11
92,TX1097,sell,SRD-BTC,7.40741,34.1934,253.284,2025-05-02 20:25:11
92,TX1098,sell,SRD-BTC,4.93827,34.0461,168.129,2025-05-02 20:25:11
92,TX1099,buy,SRD-BTC,20,34.6646,693.292,2025-05-02 20:25:11
92,TX1100,buy,SRD-BTC,20,35.099,701.98,2025-05-02 20:25:11
92,TX1101,sell,SRD-BTC,16.6255,34.4093,572.072,2025-05-02 20:25:11
92,TX1102,buy,SRD-BTC,20,35.1759,703.518,2025-05-02 20:25:11
92,TX1103,sell,SRD-BTC,17.7503,35.0247,621.7,2025-05-02 20:25:12
92,TX1104,sell,SRD-BTC,35.5007,34.8073,1235.68,2025-05-02 20:25:12
93,TX1105,buy,SRD-BTC,20,34.7976,695.952,2025-05-02 20:25:12
93,TX1106,buy,SRD-BTC,20,35.5652,711.304,2025-05-02 20:25:12
93,TX1107,sell,SRD-BTC,13.3333,35.5442,473.923,2025-05-02 20:25:12
93,TX1108,sell,SRD-BTC,8.88889,35.3968,314.638,2025-05-02 20:25:12
93,TX1109,sell,SRD-BTC,5.92593,34.7049,205.659,2025-05-02 20:25:12
93,TX1110,sell,SRD-BTC,3.95062,34.2344,135.247,2025-05-02 20:25:12
93,TX1111,buy,SRD-BTC,20,35.5844,711.688,2025-05-02 20:25:12
93,TX1112,sell,SRD-BTC,9.30041,35.5268,330.414,2025-05-02 20:25:12
93,TX1113,buy,SRD-BTC,20,35.5122,710.244,2025-05-02 20:25:13
93,TX1114,sell,SRD-BTC,12.8669,34.8138,447.947,2025-05-02 20:25:13
93,TX1115,sell,SRD-BTC,8.57796,34.6487,297.215,2025-05-02 20:25:13
93,TX1116,sell,SRD-BTC,17.1559,34.4789,591.517,2025-05-02 20:25:13
94,TX1117,buy,SRD-BTC,20,34.6004,692.008,2025-05-02 20:25:13
94,TX1118,sell,SRD-BTC,6.66667,33.9489,226.326,2025-05-02 20:25:13
94,TX1119,buy,SRD-BTC,20,34.4572,689.144,2025-05-02 20:25:13
94,TX1120,sell,SRD-BTC,11.1111,34.458,382.867,2025-05-02 20:25:13
94,TX1121,sell,SRD-BTC,7.40741,33.8792,250.957,2025-05-02 20:25:13
94,TX1122,buy,SRD-BTC,20,33.5525,671.05,2025-05-02 20:25:14
94,TX1123,sell,SRD-BTC,11.6049,33.2466,385.825,2025-05-02 20:25:14
94,TX1124,sell,SRD-BTC,7.73663,32.2442,249.461,2025-05-02 20:25:14
94,TX1125,buy,SRD-BTC,20,32.4941,649.882,2025-05-02 20:25:14
94,TX1126,sell,SRD-BTC,11.8244,32.1924,380.656,2025-05-02 20:25:14
94,TX1127,buy,SRD-BTC,20,32.5508,651.016,2025-05-02 20:25:14
94,TX1128,sell,SRD-BTC,43.6488,32.4083,1414.58,2025-05-02 20:25:14
95,TX1129,buy,SRD-BTC,20,32.7445,654.89,2025-05-02 20:25:14
95,TX1130,buy,SRD-BTC,20,33.123,662.46,2025-05-02 20:25:14
95,TX1131,sell,SRD-BTC,13.3333,32.9511,439.348,2025-05-02 20:25:15
95,TX1132,sell,SRD-BTC,8.88889,33.0953,294.18,2025-05-02 20:25:15
95,TX1133,sell,SRD-BTC,5.92593,32.8647,194.754,2025-05-02 20:25:15
95,TX1134,buy,SRD-BTC,20,33.3796,667.592,2025-05-02 20:25:15
95,TX1135,sell,SRD-BTC,10.6173,33.0488,350.888,2025-05-02 20:25:15
